{"a": [0, 2, -2], "b": [1, 3], "match": "1/1", "verified_digits": 150, "convergence_digits": 150, "type": "even_k_rational", "k": 2, "shard": "even-k-verify", "timestamp": "2026-04-08T08:57:55.805661"}
{"a": [0, 4, -2], "b": [1, 3], "match": "3/2", "verified_digits": 150, "convergence_digits": 150, "type": "even_k_rational", "k": 4, "shard": "even-k-verify", "timestamp": "2026-04-08T08:57:56.197253"}
{"a": [-3, 2, 1], "b": [1, 3], "match": "1/1", "verified_digits": 150, "type": "even_k_perturbed_rational", "k": 2, "shard": "even-k-perturb", "timestamp": "2026-04-08T08:58:10.882581"}
{"a": [-3, 2, 2, -1], "b": [1, 3], "match": "1/1", "verified_digits": 150, "type": "even_k_perturbed_rational", "k": 2, "shard": "even-k-perturb", "timestamp": "2026-04-08T08:58:11.172719"}
{"a": [-2, 2, -1, 1], "b": [1, 3], "match": "1/1", "verified_digits": 150, "type": "even_k_perturbed_rational", "k": 2, "shard": "even-k-perturb", "timestamp": "2026-04-08T08:58:11.898857"}
{"a": [-2, 2, 1, -1], "b": [1, 3], "match": "1/1", "verified_digits": 150, "type": "even_k_perturbed_rational", "k": 2, "shard": "even-k-perturb", "timestamp": "2026-04-08T08:58:11.996180"}
{"a": [-1, 2, -2, 1], "b": [1, 3], "match": "1/1", "verified_digits": 150, "type": "even_k_perturbed_rational", "k": 2, "shard": "even-k-perturb", "timestamp": "2026-04-08T08:58:12.731631"}
{"a": [-1, 2, -1], "b": [1, 3], "match": "1/1", "verified_digits": 150, "type": "even_k_perturbed_rational", "k": 2, "shard": "even-k-perturb", "timestamp": "2026-04-08T08:58:12.766885"}
{"a": [0, 2, -3, 1], "b": [1, 3], "match": "1/1", "verified_digits": 150, "type": "even_k_perturbed_rational", "k": 2, "shard": "even-k-perturb", "timestamp": "2026-04-08T08:58:13.817846"}
{"a": [0, 2, -1], "b": [1, 3], "match": "5/4", "verified_digits": 150, "type": "even_k_perturbed_rational", "k": 2, "shard": "even-k-perturb", "timestamp": "2026-04-08T08:58:14.280681"}
{"a": [0, 2, -1, -1], "b": [1, 3], "match": "1/1", "verified_digits": 150, "type": "even_k_perturbed_rational", "k": 2, "shard": "even-k-perturb", "timestamp": "2026-04-08T08:58:14.518228"}
{"a": [0, 2, 1, -1], "b": [1, 3], "match": "3/2", "verified_digits": 150, "type": "even_k_perturbed_rational", "k": 2, "shard": "even-k-perturb", "timestamp": "2026-04-08T08:58:14.835292"}
{"a": [1, 2, -4, 1], "b": [1, 3], "match": "1/1", "verified_digits": 150, "type": "even_k_perturbed_rational", "k": 2, "shard": "even-k-perturb", "timestamp": "2026-04-08T08:58:15.360001"}
{"a": [1, 2, -3], "b": [1, 3], "match": "1/1", "verified_digits": 150, "type": "even_k_perturbed_rational", "k": 2, "shard": "even-k-perturb", "timestamp": "2026-04-08T08:58:15.399157"}
{"a": [1, 2, -2, -1], "b": [1, 3], "match": "1/1", "verified_digits": 150, "type": "even_k_perturbed_rational", "k": 2, "shard": "even-k-perturb", "timestamp": "2026-04-08T08:58:15.639425"}
{"a": [2, 2, -4], "b": [1, 3], "match": "1/1", "verified_digits": 150, "type": "even_k_perturbed_rational", "k": 2, "shard": "even-k-perturb", "timestamp": "2026-04-08T08:58:16.868890"}
{"a": [2, 2, -3, -1], "b": [1, 3], "match": "1/1", "verified_digits": 150, "type": "even_k_perturbed_rational", "k": 2, "shard": "even-k-perturb", "timestamp": "2026-04-08T08:58:17.600073"}
{"a": [3, 2, -4, -1], "b": [1, 3], "match": "1/1", "verified_digits": 150, "type": "even_k_perturbed_rational", "k": 2, "shard": "even-k-perturb", "timestamp": "2026-04-08T08:58:18.955002"}
{"a": [3, 2, -4, 1], "b": [1, 3], "match": "41/27", "verified_digits": 72.2, "type": "even_k_perturbed_rational", "k": 2, "shard": "even-k-perturb", "timestamp": "2026-04-08T08:58:19.000756"}
{"a": [3, 2, -1], "b": [1, 3], "match": "59/31", "verified_digits": 70.8, "type": "even_k_perturbed_rational", "k": 2, "shard": "even-k-perturb", "timestamp": "2026-04-08T08:58:19.937782"}
{"a": [3, 2, 2, -1], "b": [1, 3], "match": "11/5", "verified_digits": 71.1, "type": "even_k_perturbed_rational", "k": 2, "shard": "even-k-perturb", "timestamp": "2026-04-08T08:58:20.871675"}
{"a": [-3, 4, -4, 1], "b": [1, 3], "match": "11/25", "verified_digits": 71.8, "type": "even_k_perturbed_rational", "k": 4, "shard": "even-k-perturb", "timestamp": "2026-04-08T08:58:21.154409"}
{"a": [-3, 4, -2, 1], "b": [1, 3], "match": "1/1", "verified_digits": 150, "type": "even_k_perturbed_rational", "k": 4, "shard": "even-k-perturb", "timestamp": "2026-04-08T08:58:21.647510"}
{"a": [-3, 4, -1], "b": [1, 3], "match": "1/1", "verified_digits": 150, "type": "even_k_perturbed_rational", "k": 4, "shard": "even-k-perturb", "timestamp": "2026-04-08T08:58:21.689281"}
{"a": [-3, 4, 2, -1], "b": [1, 3], "match": "47/33", "verified_digits": 71.1, "type": "even_k_perturbed_rational", "k": 4, "shard": "even-k-perturb", "timestamp": "2026-04-08T08:58:22.131772"}
{"a": [-2, 4, -3, 1], "b": [1, 3], "match": "1/1", "verified_digits": 150, "type": "even_k_perturbed_rational", "k": 4, "shard": "even-k-perturb", "timestamp": "2026-04-08T08:58:22.634636"}
{"a": [-2, 4, -2], "b": [1, 3], "match": "1/1", "verified_digits": 150, "type": "even_k_perturbed_rational", "k": 4, "shard": "even-k-perturb", "timestamp": "2026-04-08T08:58:22.677024"}
{"a": [-2, 4, -1, -1], "b": [1, 3], "match": "1/1", "verified_digits": 150, "type": "even_k_perturbed_rational", "k": 4, "shard": "even-k-perturb", "timestamp": "2026-04-08T08:58:22.917576"}
{"a": [-1, 4, -4, 1], "b": [1, 3], "match": "1/1", "verified_digits": 150, "type": "even_k_perturbed_rational", "k": 4, "shard": "even-k-perturb", "timestamp": "2026-04-08T08:58:23.674308"}
{"a": [-1, 4, -3], "b": [1, 3], "match": "1/1", "verified_digits": 150, "type": "even_k_perturbed_rational", "k": 4, "shard": "even-k-perturb", "timestamp": "2026-04-08T08:58:23.751906"}
{"a": [-1, 4, -2, -1], "b": [1, 3], "match": "1/1", "verified_digits": 150, "type": "even_k_perturbed_rational", "k": 4, "shard": "even-k-perturb", "timestamp": "2026-04-08T08:58:24.002969"}
{"a": [0, 4, -4], "b": [1, 3], "match": "1/1", "verified_digits": 150, "type": "even_k_perturbed_rational", "k": 4, "shard": "even-k-perturb", "timestamp": "2026-04-08T08:58:24.968038"}
{"a": [0, 4, -4, 1], "b": [1, 3], "match": "5/4", "verified_digits": 150, "type": "even_k_perturbed_rational", "k": 4, "shard": "even-k-perturb", "timestamp": "2026-04-08T08:58:25.124782"}
{"a": [0, 4, -3, -1], "b": [1, 3], "match": "1/1", "verified_digits": 150, "type": "even_k_perturbed_rational", "k": 4, "shard": "even-k-perturb", "timestamp": "2026-04-08T08:58:25.272869"}
{"a": [0, 4, -1], "b": [1, 3], "match": "551/332", "verified_digits": 71.2, "type": "even_k_perturbed_rational", "k": 4, "shard": "even-k-perturb", "timestamp": "2026-04-08T08:58:25.706963"}
{"a": [1, 4, -4, -1], "b": [1, 3], "match": "1/1", "verified_digits": 150, "type": "even_k_perturbed_rational", "k": 4, "shard": "even-k-perturb", "timestamp": "2026-04-08T08:58:26.432075"}
{"a": [-3, 6, -4, 1], "b": [1, 3], "match": "1/1", "verified_digits": 150, "type": "even_k_perturbed_rational", "k": 6, "shard": "even-k-perturb", "timestamp": "2026-04-08T08:58:31.208965"}
{"a": [-3, 6, -3], "b": [1, 3], "match": "1/1", "verified_digits": 150, "type": "even_k_perturbed_rational", "k": 6, "shard": "even-k-perturb", "timestamp": "2026-04-08T08:58:31.267688"}
{"a": [-3, 6, -2, -1], "b": [1, 3], "match": "1/1", "verified_digits": 150, "type": "even_k_perturbed_rational", "k": 6, "shard": "even-k-perturb", "timestamp": "2026-04-08T08:58:31.637868"}
{"a": [-2, 6, -4], "b": [1, 3], "match": "1/1", "verified_digits": 150, "type": "even_k_perturbed_rational", "k": 6, "shard": "even-k-perturb", "timestamp": "2026-04-08T08:58:32.559388"}
{"a": [-2, 6, -3, -1], "b": [1, 3], "match": "1/1", "verified_digits": 150, "type": "even_k_perturbed_rational", "k": 6, "shard": "even-k-perturb", "timestamp": "2026-04-08T08:58:32.842910"}
{"a": [-1, 6, -4, -1], "b": [1, 3], "match": "1/1", "verified_digits": 150, "type": "even_k_perturbed_rational", "k": 6, "shard": "even-k-perturb", "timestamp": "2026-04-08T08:58:34.036257"}
{"a": [0, 6, -3], "b": [1, 3], "match": "7/4", "verified_digits": 150, "type": "even_k_perturbed_rational", "k": 6, "shard": "even-k-perturb", "timestamp": "2026-04-08T08:58:35.491398"}
{"a": [0, 6, -1, -1], "b": [1, 3], "match": "2/1", "verified_digits": 150, "type": "even_k_perturbed_rational", "k": 6, "shard": "even-k-perturb", "timestamp": "2026-04-08T08:58:35.803342"}
{"a": [0, 6, 1, -1], "b": [1, 3], "match": "13/6", "verified_digits": 70.9, "type": "even_k_perturbed_rational", "k": 6, "shard": "even-k-perturb", "timestamp": "2026-04-08T08:58:36.092393"}
{"a": [-3, 8, -4, -1], "b": [1, 3], "match": "1/1", "verified_digits": 150, "type": "even_k_perturbed_rational", "k": 8, "shard": "even-k-perturb", "timestamp": "2026-04-08T08:58:40.823626"}
{"a": [0, 8, -4], "b": [1, 3], "match": "2/1", "verified_digits": 150, "type": "even_k_perturbed_rational", "k": 8, "shard": "even-k-perturb", "timestamp": "2026-04-08T08:58:45.233431"}
{"a": [0, 8, -2, -1], "b": [1, 3], "match": "9/4", "verified_digits": 150, "type": "even_k_perturbed_rational", "k": 8, "shard": "even-k-perturb", "timestamp": "2026-04-08T08:58:45.716302"}
{"a": [0, 8, 2, -1], "b": [1, 3], "match": "253/100", "verified_digits": 70.8, "type": "even_k_perturbed_rational", "k": 8, "shard": "even-k-perturb", "timestamp": "2026-04-08T08:58:46.466939"}
{"a": [0, 2, -2], "b": [1, 3], "match": "1/1", "verified_digits": 150, "convergence_digits": 150, "type": "even_k_rational", "k": 2, "shard": "even-k-verify", "timestamp": "2026-04-08T08:58:49.326349"}
{"a": [3, 8, -3], "b": [1, 3], "match": "13/5", "verified_digits": 70.8, "type": "even_k_perturbed_rational", "k": 8, "shard": "even-k-perturb", "timestamp": "2026-04-08T08:58:49.543836"}
{"a": [0, 4, -2], "b": [1, 3], "match": "3/2", "verified_digits": 150, "convergence_digits": 150, "type": "even_k_rational", "k": 4, "shard": "even-k-verify", "timestamp": "2026-04-08T08:58:49.671734"}
{"a": [0, 6, -2], "b": [1, 3], "match": "15/8", "verified_digits": 150, "convergence_digits": 150, "type": "even_k_rational", "k": 6, "shard": "even-k-verify", "timestamp": "2026-04-08T08:58:50.067944"}
{"a": [0, 8, -2], "b": [1, 3], "match": "35/16", "verified_digits": 150, "convergence_digits": 150, "type": "even_k_rational", "k": 8, "shard": "even-k-verify", "timestamp": "2026-04-08T08:58:50.443045"}
{"a": [0, 10, -2], "b": [1, 3], "match": "315/128", "verified_digits": 150, "convergence_digits": 150, "type": "even_k_rational", "k": 10, "shard": "even-k-verify", "timestamp": "2026-04-08T08:58:50.842367"}
{"a": [-3, 10, -3], "b": [1, 3], "match": "61/33", "verified_digits": 71.6, "type": "even_k_perturbed_rational", "k": 10, "shard": "even-k-perturb", "timestamp": "2026-04-08T08:58:51.076475"}
{"a": [0, 12, -2], "b": [1, 3], "match": "693/256", "verified_digits": 150, "convergence_digits": 150, "type": "even_k_rational", "k": 12, "shard": "even-k-verify", "timestamp": "2026-04-08T08:58:51.450563"}
{"a": [0, 14, -2], "b": [1, 3], "match": "3003/1024", "verified_digits": 150, "convergence_digits": 150, "type": "even_k_rational", "k": 14, "shard": "even-k-verify", "timestamp": "2026-04-08T08:58:51.773771"}
{"a": [0, 16, -2], "b": [1, 3], "match": "6435/2048", "verified_digits": 150, "convergence_digits": 150, "type": "even_k_rational", "k": 16, "shard": "even-k-verify", "timestamp": "2026-04-08T08:58:52.082687"}
{"a": [0, 18, -2], "b": [1, 3], "match": "109395/32768", "verified_digits": 150, "convergence_digits": 150, "type": "even_k_rational", "k": 18, "shard": "even-k-verify", "timestamp": "2026-04-08T08:58:52.370358"}
{"a": [0, 20, -2], "b": [1, 3], "match": "230945/65536", "verified_digits": 150, "convergence_digits": 150, "type": "even_k_rational", "k": 20, "shard": "even-k-verify", "timestamp": "2026-04-08T08:58:52.610105"}
{"a": [0, 22, -2], "b": [1, 3], "match": "969969/262144", "verified_digits": 150, "convergence_digits": 150, "type": "even_k_rational", "k": 22, "shard": "even-k-verify", "timestamp": "2026-04-08T08:58:52.906326"}
{"a": [0, 24, -2], "b": [1, 3], "match": "2028117/524288", "verified_digits": 150, "convergence_digits": 150, "type": "even_k_rational", "k": 24, "shard": "even-k-verify", "timestamp": "2026-04-08T08:58:53.207752"}
{"a": [0, 26, -2], "b": [1, 3], "match": "16900975/4194304", "verified_digits": 150, "convergence_digits": 150, "type": "even_k_rational", "k": 26, "shard": "even-k-verify", "timestamp": "2026-04-08T08:58:53.458486"}
{"a": [0, 28, -2], "b": [1, 3], "match": "35102025/8388608", "verified_digits": 150, "convergence_digits": 150, "type": "even_k_rational", "k": 28, "shard": "even-k-verify", "timestamp": "2026-04-08T08:58:53.758370"}
{"a": [0, 30, -2], "b": [1, 3], "match": "145422675/33554432", "verified_digits": 150, "convergence_digits": 150, "type": "even_k_rational", "k": 30, "shard": "even-k-verify", "timestamp": "2026-04-08T08:58:54.050416"}
{"a": [0, 10, -3, -1], "b": [1, 3], "match": "5/2", "verified_digits": 150, "type": "even_k_perturbed_rational", "k": 10, "shard": "even-k-perturb", "timestamp": "2026-04-08T08:58:54.334762"}
{"a": [0, 32, -2], "b": [1, 3], "match": "300540195/67108864", "verified_digits": 150, "convergence_digits": 150, "type": "even_k_rational", "k": 32, "shard": "even-k-verify", "timestamp": "2026-04-08T08:58:54.406639"}
{"a": [0, 34, -2], "b": [1, 3], "match": "9917826435/2147483648", "verified_digits": 150, "convergence_digits": 150, "type": "even_k_rational", "k": 34, "shard": "even-k-verify", "timestamp": "2026-04-08T08:58:54.784635"}
{"a": [0, 36, -2], "b": [1, 3], "match": "20419054425/4294967296", "verified_digits": 150, "convergence_digits": 150, "type": "even_k_rational", "k": 36, "shard": "even-k-verify", "timestamp": "2026-04-08T08:58:55.079555"}
{"a": [0, 38, -2], "b": [1, 3], "match": "83945001525/17179869184", "verified_digits": 150, "convergence_digits": 150, "type": "even_k_rational", "k": 38, "shard": "even-k-verify", "timestamp": "2026-04-08T08:58:55.476877"}
{"a": [0, 40, -2], "b": [1, 3], "match": "172308161025/34359738368", "verified_digits": 150, "convergence_digits": 150, "type": "even_k_rational", "k": 40, "shard": "even-k-verify", "timestamp": "2026-04-08T08:58:55.869431"}
{"a": [0, 42, -2], "b": [1, 3], "match": "1412926920405/274877906944", "verified_digits": 160.1, "convergence_digits": 150, "type": "even_k_rational", "k": 42, "shard": "even-k-verify", "timestamp": "2026-04-08T08:58:56.204223"}
{"a": [0, 44, -2], "b": [1, 3], "match": "2893136075115/549755813888", "verified_digits": 150, "convergence_digits": 150, "type": "even_k_rational", "k": 44, "shard": "even-k-verify", "timestamp": "2026-04-08T08:58:56.510910"}
{"a": [0, 46, -2], "b": [1, 3], "match": "11835556670925/2199023255552", "verified_digits": 150, "convergence_digits": 150, "type": "even_k_rational", "k": 46, "shard": "even-k-verify", "timestamp": "2026-04-08T08:58:56.845884"}
{"a": [0, 48, -2], "b": [1, 3], "match": "24185702762325/4398046511104", "verified_digits": 150, "convergence_digits": 150, "type": "even_k_rational", "k": 48, "shard": "even-k-verify", "timestamp": "2026-04-08T08:58:57.170571"}
{"a": [0, 50, -2], "b": [1, 3], "match": "395033145117975/70368744177664", "verified_digits": 160.1, "convergence_digits": 150, "type": "even_k_rational", "k": 50, "shard": "even-k-verify", "timestamp": "2026-04-08T08:58:57.480651"}
{"a": [0, 52, -2], "b": [1, 3], "match": "805867616040669/140737488355328", "verified_digits": 160.1, "convergence_digits": 150, "type": "even_k_rational", "k": 52, "shard": "even-k-verify", "timestamp": "2026-04-08T08:58:57.737284"}
{"a": [0, 54, -2], "b": [1, 3], "match": "3285460280781189/562949953421312", "verified_digits": 150, "convergence_digits": 150, "type": "even_k_rational", "k": 54, "shard": "even-k-verify", "timestamp": "2026-04-08T08:58:57.971224"}
{"a": [0, 56, -2], "b": [1, 3], "match": "6692604275665385/1125899906842624", "verified_digits": 150, "convergence_digits": 150, "type": "even_k_rational", "k": 56, "shard": "even-k-verify", "timestamp": "2026-04-08T08:58:58.271020"}
{"a": [0, 58, -2], "b": [1, 3], "match": "54496920530418135/9007199254740992", "verified_digits": 150, "convergence_digits": 150, "type": "even_k_rational", "k": 58, "shard": "even-k-verify", "timestamp": "2026-04-08T08:58:58.542573"}
{"a": [0, 60, -2], "b": [1, 3], "match": "110873045217057585/18014398509481984", "verified_digits": 160.1, "convergence_digits": 150, "type": "even_k_rational", "k": 60, "shard": "even-k-verify", "timestamp": "2026-04-08T08:58:58.938346"}
{"a": [-3, 2, 1], "b": [1, 3], "match": "1/1", "verified_digits": 150, "type": "even_k_perturbed_rational", "k": 2, "shard": "even-k-perturb", "timestamp": "2026-04-08T08:59:00.438850"}
{"a": [-3, 2, 2, -1], "b": [1, 3], "match": "1/1", "verified_digits": 150, "type": "even_k_perturbed_rational", "k": 2, "shard": "even-k-perturb", "timestamp": "2026-04-08T08:59:00.645262"}
{"a": [-2, 2, -1, 1], "b": [1, 3], "match": "1/1", "verified_digits": 150, "type": "even_k_perturbed_rational", "k": 2, "shard": "even-k-perturb", "timestamp": "2026-04-08T08:59:01.649649"}
{"a": [-2, 2, 1, -1], "b": [1, 3], "match": "1/1", "verified_digits": 150, "type": "even_k_perturbed_rational", "k": 2, "shard": "even-k-perturb", "timestamp": "2026-04-08T08:59:01.759508"}
{"a": [0, 12, -4], "b": [1, 3], "match": "23/9", "verified_digits": 70.8, "type": "even_k_perturbed_rational", "k": 12, "shard": "even-k-perturb", "timestamp": "2026-04-08T08:59:02.229704"}
{"a": [0, 12, -4, -1], "b": [1, 3], "match": "11/4", "verified_digits": 150, "type": "even_k_perturbed_rational", "k": 12, "shard": "even-k-perturb", "timestamp": "2026-04-08T08:59:02.285710"}
{"a": [0, 12, -3], "b": [1, 3], "match": "1147/436", "verified_digits": 71.4, "type": "even_k_perturbed_rational", "k": 12, "shard": "even-k-perturb", "timestamp": "2026-04-08T08:59:02.408000"}
{"a": [-1, 2, -2, 1], "b": [1, 3], "match": "1/1", "verified_digits": 150, "type": "even_k_perturbed_rational", "k": 2, "shard": "even-k-perturb", "timestamp": "2026-04-08T08:59:02.551921"}
{"a": [-1, 2, -1], "b": [1, 3], "match": "1/1", "verified_digits": 150, "type": "even_k_perturbed_rational", "k": 2, "shard": "even-k-perturb", "timestamp": "2026-04-08T08:59:02.684351"}
{"a": [0, 12, -1, -1], "b": [1, 3], "match": "11/4", "verified_digits": 150, "type": "even_k_perturbed_rational", "k": 12, "shard": "even-k-perturb", "timestamp": "2026-04-08T08:59:02.930653"}
{"a": [0, 12, 1, -1], "b": [1, 3], "match": "67/23", "verified_digits": 70.6, "type": "even_k_perturbed_rational", "k": 12, "shard": "even-k-perturb", "timestamp": "2026-04-08T08:59:03.129274"}
{"a": [0, 2, -3, 1], "b": [1, 3], "match": "1/1", "verified_digits": 150, "type": "even_k_perturbed_rational", "k": 2, "shard": "even-k-perturb", "timestamp": "2026-04-08T08:59:03.543658"}
{"a": [0, 2, -1], "b": [1, 3], "match": "5/4", "verified_digits": 150, "type": "even_k_perturbed_rational", "k": 2, "shard": "even-k-perturb", "timestamp": "2026-04-08T08:59:03.869029"}
{"a": [0, 2, -1, -1], "b": [1, 3], "match": "1/1", "verified_digits": 150, "type": "even_k_perturbed_rational", "k": 2, "shard": "even-k-perturb", "timestamp": "2026-04-08T08:59:03.945029"}
{"a": [0, 2, 1, -1], "b": [1, 3], "match": "3/2", "verified_digits": 150, "type": "even_k_perturbed_rational", "k": 2, "shard": "even-k-perturb", "timestamp": "2026-04-08T08:59:04.118658"}
{"a": [1, 2, -4, 1], "b": [1, 3], "match": "1/1", "verified_digits": 150, "type": "even_k_perturbed_rational", "k": 2, "shard": "even-k-perturb", "timestamp": "2026-04-08T08:59:04.467038"}
{"a": [1, 2, -3], "b": [1, 3], "match": "1/1", "verified_digits": 150, "type": "even_k_perturbed_rational", "k": 2, "shard": "even-k-perturb", "timestamp": "2026-04-08T08:59:04.502055"}
{"a": [1, 2, -2, -1], "b": [1, 3], "match": "1/1", "verified_digits": 150, "type": "even_k_perturbed_rational", "k": 2, "shard": "even-k-perturb", "timestamp": "2026-04-08T08:59:04.692806"}
{"a": [2, 2, -4], "b": [1, 3], "match": "1/1", "verified_digits": 150, "type": "even_k_perturbed_rational", "k": 2, "shard": "even-k-perturb", "timestamp": "2026-04-08T08:59:05.198114"}
{"a": [2, 2, -3, -1], "b": [1, 3], "match": "1/1", "verified_digits": 150, "type": "even_k_perturbed_rational", "k": 2, "shard": "even-k-perturb", "timestamp": "2026-04-08T08:59:05.382012"}
{"a": [3, 2, -4, -1], "b": [1, 3], "match": "1/1", "verified_digits": 150, "type": "even_k_perturbed_rational", "k": 2, "shard": "even-k-perturb", "timestamp": "2026-04-08T08:59:06.128012"}
{"a": [3, 2, -4, 1], "b": [1, 3], "match": "41/27", "verified_digits": 72.2, "type": "even_k_perturbed_rational", "k": 2, "shard": "even-k-perturb", "timestamp": "2026-04-08T08:59:06.166263"}
{"a": [3, 2, -1], "b": [1, 3], "match": "59/31", "verified_digits": 70.8, "type": "even_k_perturbed_rational", "k": 2, "shard": "even-k-perturb", "timestamp": "2026-04-08T08:59:06.521283"}
{"a": [3, 2, 2, -1], "b": [1, 3], "match": "11/5", "verified_digits": 71.1, "type": "even_k_perturbed_rational", "k": 2, "shard": "even-k-perturb", "timestamp": "2026-04-08T08:59:06.851149"}
{"a": [-3, 4, -4, 1], "b": [1, 3], "match": "11/25", "verified_digits": 71.8, "type": "even_k_perturbed_rational", "k": 4, "shard": "even-k-perturb", "timestamp": "2026-04-08T08:59:07.034225"}
{"a": [-3, 4, -2, 1], "b": [1, 3], "match": "1/1", "verified_digits": 150, "type": "even_k_perturbed_rational", "k": 4, "shard": "even-k-perturb", "timestamp": "2026-04-08T08:59:07.284677"}
{"a": [-3, 4, -1], "b": [1, 3], "match": "1/1", "verified_digits": 150, "type": "even_k_perturbed_rational", "k": 4, "shard": "even-k-perturb", "timestamp": "2026-04-08T08:59:07.309426"}
{"a": [-3, 4, 2, -1], "b": [1, 3], "match": "47/33", "verified_digits": 71.1, "type": "even_k_perturbed_rational", "k": 4, "shard": "even-k-perturb", "timestamp": "2026-04-08T08:59:07.735069"}
{"a": [-2, 4, -3, 1], "b": [1, 3], "match": "1/1", "verified_digits": 150, "type": "even_k_perturbed_rational", "k": 4, "shard": "even-k-perturb", "timestamp": "2026-04-08T08:59:08.244715"}
{"a": [-2, 4, -2], "b": [1, 3], "match": "1/1", "verified_digits": 150, "type": "even_k_perturbed_rational", "k": 4, "shard": "even-k-perturb", "timestamp": "2026-04-08T08:59:08.270891"}
{"a": [-2, 4, -1, -1], "b": [1, 3], "match": "1/1", "verified_digits": 150, "type": "even_k_perturbed_rational", "k": 4, "shard": "even-k-perturb", "timestamp": "2026-04-08T08:59:08.431755"}
{"a": [-1, 4, -4, 1], "b": [1, 3], "match": "1/1", "verified_digits": 150, "type": "even_k_perturbed_rational", "k": 4, "shard": "even-k-perturb", "timestamp": "2026-04-08T08:59:08.865263"}
{"a": [-1, 4, -3], "b": [1, 3], "match": "1/1", "verified_digits": 150, "type": "even_k_perturbed_rational", "k": 4, "shard": "even-k-perturb", "timestamp": "2026-04-08T08:59:08.890004"}
{"a": [-1, 4, -2, -1], "b": [1, 3], "match": "1/1", "verified_digits": 150, "type": "even_k_perturbed_rational", "k": 4, "shard": "even-k-perturb", "timestamp": "2026-04-08T08:59:09.056252"}
{"a": [0, 4, -4], "b": [1, 3], "match": "1/1", "verified_digits": 150, "type": "even_k_perturbed_rational", "k": 4, "shard": "even-k-perturb", "timestamp": "2026-04-08T08:59:09.495593"}
{"a": [0, 4, -4, 1], "b": [1, 3], "match": "5/4", "verified_digits": 150, "type": "even_k_perturbed_rational", "k": 4, "shard": "even-k-perturb", "timestamp": "2026-04-08T08:59:09.556725"}
{"a": [0, 4, -3, -1], "b": [1, 3], "match": "1/1", "verified_digits": 150, "type": "even_k_perturbed_rational", "k": 4, "shard": "even-k-perturb", "timestamp": "2026-04-08T08:59:09.630448"}
{"a": [0, 4, -1], "b": [1, 3], "match": "551/332", "verified_digits": 71.2, "type": "even_k_perturbed_rational", "k": 4, "shard": "even-k-perturb", "timestamp": "2026-04-08T08:59:09.788197"}
{"a": [1, 4, -4, -1], "b": [1, 3], "match": "1/1", "verified_digits": 150, "type": "even_k_perturbed_rational", "k": 4, "shard": "even-k-perturb", "timestamp": "2026-04-08T08:59:10.264801"}
{"a": [3, 14, -2, -1], "b": [1, 3], "match": "141/43", "verified_digits": 71.1, "type": "even_k_perturbed_rational", "k": 14, "shard": "even-k-perturb", "timestamp": "2026-04-08T08:59:11.802986"}
{"a": [-3, 16, -2, -1], "b": [1, 3], "match": "111/41", "verified_digits": 70.6, "type": "even_k_perturbed_rational", "k": 16, "shard": "even-k-perturb", "timestamp": "2026-04-08T08:59:12.850164"}
{"a": [-3, 6, -4, 1], "b": [1, 3], "match": "1/1", "verified_digits": 150, "type": "even_k_perturbed_rational", "k": 6, "shard": "even-k-perturb", "timestamp": "2026-04-08T08:59:13.521672"}
{"a": [-3, 6, -3], "b": [1, 3], "match": "1/1", "verified_digits": 150, "type": "even_k_perturbed_rational", "k": 6, "shard": "even-k-perturb", "timestamp": "2026-04-08T08:59:13.731313"}
{"a": [-3, 6, -2, -1], "b": [1, 3], "match": "1/1", "verified_digits": 150, "type": "even_k_perturbed_rational", "k": 6, "shard": "even-k-perturb", "timestamp": "2026-04-08T08:59:14.280592"}
{"a": [-2, 6, -4], "b": [1, 3], "match": "1/1", "verified_digits": 150, "type": "even_k_perturbed_rational", "k": 6, "shard": "even-k-perturb", "timestamp": "2026-04-08T08:59:14.955855"}
{"a": [-2, 6, -3, -1], "b": [1, 3], "match": "1/1", "verified_digits": 150, "type": "even_k_perturbed_rational", "k": 6, "shard": "even-k-perturb", "timestamp": "2026-04-08T08:59:15.112855"}
{"a": [-1, 6, -4, -1], "b": [1, 3], "match": "1/1", "verified_digits": 150, "type": "even_k_perturbed_rational", "k": 6, "shard": "even-k-perturb", "timestamp": "2026-04-08T08:59:16.038797"}
{"a": [0, 16, -4], "b": [1, 3], "match": "184/61", "verified_digits": 70.9, "type": "even_k_perturbed_rational", "k": 16, "shard": "even-k-perturb", "timestamp": "2026-04-08T08:59:16.556488"}
{"a": [0, 6, -3], "b": [1, 3], "match": "7/4", "verified_digits": 150, "type": "even_k_perturbed_rational", "k": 6, "shard": "even-k-perturb", "timestamp": "2026-04-08T08:59:17.884237"}
{"a": [0, 6, -1, -1], "b": [1, 3], "match": "2/1", "verified_digits": 150, "type": "even_k_perturbed_rational", "k": 6, "shard": "even-k-perturb", "timestamp": "2026-04-08T08:59:18.639093"}
{"a": [0, 6, 1, -1], "b": [1, 3], "match": "13/6", "verified_digits": 70.9, "type": "even_k_perturbed_rational", "k": 6, "shard": "even-k-perturb", "timestamp": "2026-04-08T08:59:18.907893"}
{"a": [-3, 8, -4, -1], "b": [1, 3], "match": "1/1", "verified_digits": 150, "type": "even_k_perturbed_rational", "k": 8, "shard": "even-k-perturb", "timestamp": "2026-04-08T08:59:21.710403"}
{"a": [0, 18, -3, -1], "b": [1, 3], "match": "71/22", "verified_digits": 70.9, "type": "even_k_perturbed_rational", "k": 18, "shard": "even-k-perturb", "timestamp": "2026-04-08T08:59:24.566953"}
{"a": [0, 8, -4], "b": [1, 3], "match": "2/1", "verified_digits": 150, "type": "even_k_perturbed_rational", "k": 8, "shard": "even-k-perturb", "timestamp": "2026-04-08T08:59:24.764968"}
{"a": [0, 8, -2, -1], "b": [1, 3], "match": "9/4", "verified_digits": 150, "type": "even_k_perturbed_rational", "k": 8, "shard": "even-k-perturb", "timestamp": "2026-04-08T08:59:25.574526"}
{"a": [0, 8, 2, -1], "b": [1, 3], "match": "253/100", "verified_digits": 70.8, "type": "even_k_perturbed_rational", "k": 8, "shard": "even-k-perturb", "timestamp": "2026-04-08T08:59:26.443683"}
{"a": [3, 8, -3], "b": [1, 3], "match": "13/5", "verified_digits": 70.8, "type": "even_k_perturbed_rational", "k": 8, "shard": "even-k-perturb", "timestamp": "2026-04-08T08:59:30.246526"}
{"a": [-3, 10, -3], "b": [1, 3], "match": "61/33", "verified_digits": 71.6, "type": "even_k_perturbed_rational", "k": 10, "shard": "even-k-perturb", "timestamp": "2026-04-08T08:59:31.336491"}
{"a": [0, 20, -4], "b": [1, 3], "match": "3773/1105", "verified_digits": 70.6, "type": "even_k_perturbed_rational", "k": 20, "shard": "even-k-perturb", "timestamp": "2026-04-08T08:59:35.695900"}
{"a": [0, 20, -1, -1], "b": [1, 3], "match": "587/164", "verified_digits": 71.0, "type": "even_k_perturbed_rational", "k": 20, "shard": "even-k-perturb", "timestamp": "2026-04-08T08:59:36.458934"}
{"a": [0, 10, -3, -1], "b": [1, 3], "match": "5/2", "verified_digits": 150, "type": "even_k_perturbed_rational", "k": 10, "shard": "even-k-perturb", "timestamp": "2026-04-08T08:59:36.549715"}
{"a": [0, 20, 1, -1], "b": [1, 3], "match": "1923/523", "verified_digits": 70.7, "type": "even_k_perturbed_rational", "k": 20, "shard": "even-k-perturb", "timestamp": "2026-04-08T08:59:36.652095"}
{"a": [3, 20, -4, -1], "b": [1, 3], "match": "173/47", "verified_digits": 71.4, "type": "even_k_perturbed_rational", "k": 20, "shard": "even-k-perturb", "timestamp": "2026-04-08T08:59:39.277235"}
{"a": [0, 2, -2], "b": [1, 2], "match": "1/1", "verified_digits": 150, "type": "even_k_alt_b_rational", "k": 2, "shard": "even-k-alt-b", "timestamp": "2026-04-08T08:59:40.950458"}
{"a": [0, 4, -2], "b": [1, 2], "match": "5/3", "verified_digits": 70.9, "type": "even_k_alt_b_rational", "k": 4, "shard": "even-k-alt-b", "timestamp": "2026-04-08T08:59:40.999974"}
{"a": [0, 6, -2], "b": [1, 2], "match": "39/19", "verified_digits": 71.7, "type": "even_k_alt_b_rational", "k": 6, "shard": "even-k-alt-b", "timestamp": "2026-04-08T08:59:41.037510"}
{"a": [0, 8, -2], "b": [1, 2], "match": "425/179", "verified_digits": 70.8, "type": "even_k_alt_b_rational", "k": 8, "shard": "even-k-alt-b", "timestamp": "2026-04-08T08:59:41.084985"}
{"a": [0, 2, -2], "b": [1, 4], "match": "1/1", "verified_digits": 150, "type": "even_k_alt_b_rational", "k": 2, "shard": "even-k-alt-b", "timestamp": "2026-04-08T08:59:41.555971"}
{"a": [0, 4, -2], "b": [1, 4], "match": "7/5", "verified_digits": 71.4, "type": "even_k_alt_b_rational", "k": 4, "shard": "even-k-alt-b", "timestamp": "2026-04-08T08:59:41.607096"}
{"a": [0, 6, -2], "b": [1, 4], "match": "85/49", "verified_digits": 71.4, "type": "even_k_alt_b_rational", "k": 6, "shard": "even-k-alt-b", "timestamp": "2026-04-08T08:59:41.669897"}
{"a": [0, 8, -2], "b": [1, 4], "match": "1457/719", "verified_digits": 71.2, "type": "even_k_alt_b_rational", "k": 8, "shard": "even-k-alt-b", "timestamp": "2026-04-08T08:59:41.779454"}
{"a": [0, 2, -2], "b": [1, 5], "match": "1/1", "verified_digits": 150, "type": "even_k_alt_b_rational", "k": 2, "shard": "even-k-alt-b", "timestamp": "2026-04-08T08:59:42.377638"}
{"a": [0, 4, -2], "b": [1, 5], "match": "4/3", "verified_digits": 71.2, "type": "even_k_alt_b_rational", "k": 4, "shard": "even-k-alt-b", "timestamp": "2026-04-08T08:59:42.458480"}
{"a": [0, 6, -2], "b": [1, 5], "match": "57/35", "verified_digits": 71.1, "type": "even_k_alt_b_rational", "k": 6, "shard": "even-k-alt-b", "timestamp": "2026-04-08T08:59:42.522848"}
{"a": [0, 8, -2], "b": [1, 5], "match": "578/305", "verified_digits": 70.7, "type": "even_k_alt_b_rational", "k": 8, "shard": "even-k-alt-b", "timestamp": "2026-04-08T08:59:42.600735"}
{"a": [0, 2, -2], "b": [1, 6], "match": "1/1", "verified_digits": 150, "type": "even_k_alt_b_rational", "k": 2, "shard": "even-k-alt-b", "timestamp": "2026-04-08T08:59:43.168806"}
{"a": [0, 4, -2], "b": [1, 6], "match": "9/7", "verified_digits": 71.0, "type": "even_k_alt_b_rational", "k": 4, "shard": "even-k-alt-b", "timestamp": "2026-04-08T08:59:43.228680"}
{"a": [0, 6, -2], "b": [1, 6], "match": "147/95", "verified_digits": 70.9, "type": "even_k_alt_b_rational", "k": 6, "shard": "even-k-alt-b", "timestamp": "2026-04-08T08:59:43.298115"}
{"a": [0, 8, -2], "b": [1, 6], "match": "1147/641", "verified_digits": 71.2, "type": "even_k_alt_b_rational", "k": 8, "shard": "even-k-alt-b", "timestamp": "2026-04-08T08:59:43.339327"}
{"a": [0, 2, -2], "b": [1, 7], "match": "1/1", "verified_digits": 150, "type": "even_k_alt_b_rational", "k": 2, "shard": "even-k-alt-b", "timestamp": "2026-04-08T08:59:43.875747"}
{"a": [0, 4, -2], "b": [1, 7], "match": "5/4", "verified_digits": 150, "type": "even_k_alt_b_rational", "k": 4, "shard": "even-k-alt-b", "timestamp": "2026-04-08T08:59:43.912753"}
{"a": [0, 6, -2], "b": [1, 7], "match": "46/31", "verified_digits": 71.0, "type": "even_k_alt_b_rational", "k": 6, "shard": "even-k-alt-b", "timestamp": "2026-04-08T08:59:43.958382"}
{"a": [0, 8, -2], "b": [1, 7], "match": "305/179", "verified_digits": 73.0, "type": "even_k_alt_b_rational", "k": 8, "shard": "even-k-alt-b", "timestamp": "2026-04-08T08:59:44.005060"}
{"a": [0, 12, -4], "b": [1, 3], "match": "23/9", "verified_digits": 70.8, "type": "even_k_perturbed_rational", "k": 12, "shard": "even-k-perturb", "timestamp": "2026-04-08T08:59:44.152681"}
{"a": [0, 12, -4, -1], "b": [1, 3], "match": "11/4", "verified_digits": 150, "type": "even_k_perturbed_rational", "k": 12, "shard": "even-k-perturb", "timestamp": "2026-04-08T08:59:44.193854"}
{"a": [0, 12, -3], "b": [1, 3], "match": "1147/436", "verified_digits": 71.4, "type": "even_k_perturbed_rational", "k": 12, "shard": "even-k-perturb", "timestamp": "2026-04-08T08:59:44.293528"}
{"a": [0, 2, -2], "b": [2, 3], "match": "2/1", "verified_digits": 150, "type": "even_k_alt_b_rational", "k": 2, "shard": "even-k-alt-b", "timestamp": "2026-04-08T08:59:44.433771"}
{"a": [0, 4, -2], "b": [2, 3], "match": "12/5", "verified_digits": 70.8, "type": "even_k_alt_b_rational", "k": 4, "shard": "even-k-alt-b", "timestamp": "2026-04-08T08:59:44.469943"}
{"a": [0, 6, -2], "b": [2, 3], "match": "30/11", "verified_digits": 70.9, "type": "even_k_alt_b_rational", "k": 6, "shard": "even-k-alt-b", "timestamp": "2026-04-08T08:59:44.509135"}
{"a": [0, 8, -2], "b": [2, 3], "match": "280/93", "verified_digits": 71.2, "type": "even_k_alt_b_rational", "k": 8, "shard": "even-k-alt-b", "timestamp": "2026-04-08T08:59:44.543565"}
{"a": [0, 12, -1, -1], "b": [1, 3], "match": "11/4", "verified_digits": 150, "type": "even_k_perturbed_rational", "k": 12, "shard": "even-k-perturb", "timestamp": "2026-04-08T08:59:44.575380"}
{"a": [0, 10, -2], "b": [2, 3], "match": "630/193", "verified_digits": 71.1, "type": "even_k_alt_b_rational", "k": 10, "shard": "even-k-alt-b", "timestamp": "2026-04-08T08:59:44.590608"}
{"a": [0, 12, -2], "b": [2, 3], "match": "2772/793", "verified_digits": 71.1, "type": "even_k_alt_b_rational", "k": 12, "shard": "even-k-alt-b", "timestamp": "2026-04-08T08:59:44.627745"}
{"a": [0, 14, -2], "b": [2, 3], "match": "6006/1619", "verified_digits": 70.9, "type": "even_k_alt_b_rational", "k": 14, "shard": "even-k-alt-b", "timestamp": "2026-04-08T08:59:44.662042"}
{"a": [0, 12, 1, -1], "b": [1, 3], "match": "67/23", "verified_digits": 70.6, "type": "even_k_perturbed_rational", "k": 12, "shard": "even-k-perturb", "timestamp": "2026-04-08T08:59:44.730044"}
{"a": [0, 2, -2], "b": [2, 5], "match": "2/1", "verified_digits": 150, "type": "even_k_alt_b_rational", "k": 2, "shard": "even-k-alt-b", "timestamp": "2026-04-08T08:59:44.943007"}
{"a": [0, 4, -2], "b": [2, 5], "match": "16/7", "verified_digits": 71.0, "type": "even_k_alt_b_rational", "k": 4, "shard": "even-k-alt-b", "timestamp": "2026-04-08T08:59:44.973406"}
{"a": [0, 6, -2], "b": [2, 5], "match": "28/11", "verified_digits": 71.0, "type": "even_k_alt_b_rational", "k": 6, "shard": "even-k-alt-b", "timestamp": "2026-04-08T08:59:45.010749"}
{"a": [0, 8, -2], "b": [2, 5], "match": "2236/803", "verified_digits": 70.8, "type": "even_k_alt_b_rational", "k": 8, "shard": "even-k-alt-b", "timestamp": "2026-04-08T08:59:45.056809"}
{"a": [0, 10, -2], "b": [2, 5], "match": "4826/1605", "verified_digits": 72.5, "type": "even_k_alt_b_rational", "k": 10, "shard": "even-k-alt-b", "timestamp": "2026-04-08T08:59:45.091629"}
{"a": [0, 2, -2], "b": [3, 1], "match": "3/1", "verified_digits": 150, "type": "even_k_alt_b_rational", "k": 2, "shard": "even-k-alt-b", "timestamp": "2026-04-08T08:59:45.460044"}
{"a": [0, 4, -2], "b": [3, 1], "match": "7/2", "verified_digits": 150, "type": "even_k_alt_b_rational", "k": 4, "shard": "even-k-alt-b", "timestamp": "2026-04-08T08:59:45.492010"}
{"a": [0, 6, -2], "b": [3, 1], "match": "23/6", "verified_digits": 70.9, "type": "even_k_alt_b_rational", "k": 6, "shard": "even-k-alt-b", "timestamp": "2026-04-08T08:59:45.520191"}
{"a": [0, 8, -2], "b": [3, 1], "match": "33/8", "verified_digits": 150, "type": "even_k_alt_b_rational", "k": 8, "shard": "even-k-alt-b", "timestamp": "2026-04-08T08:59:45.564514"}
{"a": [0, 10, -2], "b": [3, 1], "match": "530/121", "verified_digits": 70.6, "type": "even_k_alt_b_rational", "k": 10, "shard": "even-k-alt-b", "timestamp": "2026-04-08T08:59:45.605304"}
{"a": [0, 12, -2], "b": [3, 1], "match": "1702/369", "verified_digits": 72.1, "type": "even_k_alt_b_rational", "k": 12, "shard": "even-k-alt-b", "timestamp": "2026-04-08T08:59:45.638559"}
{"a": [0, 14, -2], "b": [3, 1], "match": "473/98", "verified_digits": 70.7, "type": "even_k_alt_b_rational", "k": 14, "shard": "even-k-alt-b", "timestamp": "2026-04-08T08:59:45.676400"}
{"a": [0, 2, -2], "b": [3, 5], "match": "3/1", "verified_digits": 150, "type": "even_k_alt_b_rational", "k": 2, "shard": "even-k-alt-b", "timestamp": "2026-04-08T08:59:45.961388"}
{"a": [0, 4, -2], "b": [3, 5], "match": "13/4", "verified_digits": 150, "type": "even_k_alt_b_rational", "k": 4, "shard": "even-k-alt-b", "timestamp": "2026-04-08T08:59:46.002130"}
{"a": [0, 6, -2], "b": [3, 5], "match": "94/27", "verified_digits": 70.7, "type": "even_k_alt_b_rational", "k": 6, "shard": "even-k-alt-b", "timestamp": "2026-04-08T08:59:46.038702"}
{"a": [0, 8, -2], "b": [3, 5], "match": "159/43", "verified_digits": 70.8, "type": "even_k_alt_b_rational", "k": 8, "shard": "even-k-alt-b", "timestamp": "2026-04-08T08:59:46.073140"}
{"a": [0, 2, -2], "b": [1, 1, 1], "match": "1/1", "verified_digits": 150, "type": "even_k_alt_b_rational", "k": 2, "shard": "even-k-alt-b", "timestamp": "2026-04-08T08:59:46.535206"}
{"a": [0, 4, -2], "b": [1, 1, 1], "match": "5/3", "verified_digits": 70.9, "type": "even_k_alt_b_rational", "k": 4, "shard": "even-k-alt-b", "timestamp": "2026-04-08T08:59:46.582139"}
{"a": [0, 6, -2], "b": [1, 1, 1], "match": "53/25", "verified_digits": 71.5, "type": "even_k_alt_b_rational", "k": 6, "shard": "even-k-alt-b", "timestamp": "2026-04-08T08:59:46.614900"}
{"a": [0, 8, -2], "b": [1, 1, 1], "match": "977/395", "verified_digits": 71.0, "type": "even_k_alt_b_rational", "k": 8, "shard": "even-k-alt-b", "timestamp": "2026-04-08T08:59:46.654591"}
{"a": [0, 2, -2], "b": [1, 2, 1], "match": "1/1", "verified_digits": 150, "type": "even_k_alt_b_rational", "k": 2, "shard": "even-k-alt-b", "timestamp": "2026-04-08T08:59:47.092269"}
{"a": [0, 4, -2], "b": [1, 2, 1], "match": "3/2", "verified_digits": 150, "type": "even_k_alt_b_rational", "k": 4, "shard": "even-k-alt-b", "timestamp": "2026-04-08T08:59:47.130715"}
{"a": [0, 6, -2], "b": [1, 2, 1], "match": "19/10", "verified_digits": 70.8, "type": "even_k_alt_b_rational", "k": 6, "shard": "even-k-alt-b", "timestamp": "2026-04-08T08:59:47.172585"}
{"a": [0, 8, -2], "b": [1, 2, 1], "match": "407/182", "verified_digits": 70.5, "type": "even_k_alt_b_rational", "k": 8, "shard": "even-k-alt-b", "timestamp": "2026-04-08T08:59:47.215857"}
{"a": [0, 10, -2], "b": [1, 2, 1], "match": "1095/433", "verified_digits": 70.9, "type": "even_k_alt_b_rational", "k": 10, "shard": "even-k-alt-b", "timestamp": "2026-04-08T08:59:47.247262"}
{"a": [0, 2, -2], "b": [1, 3, 1], "match": "1/1", "verified_digits": 150, "type": "even_k_alt_b_rational", "k": 2, "shard": "even-k-alt-b", "timestamp": "2026-04-08T08:59:47.624343"}
{"a": [0, 4, -2], "b": [1, 3, 1], "match": "7/5", "verified_digits": 71.4, "type": "even_k_alt_b_rational", "k": 4, "shard": "even-k-alt-b", "timestamp": "2026-04-08T08:59:47.660407"}
{"a": [0, 6, -2], "b": [1, 3, 1], "match": "103/59", "verified_digits": 72.2, "type": "even_k_alt_b_rational", "k": 6, "shard": "even-k-alt-b", "timestamp": "2026-04-08T08:59:47.693875"}
{"a": [0, 8, -2], "b": [1, 3, 1], "match": "839/409", "verified_digits": 71.0, "type": "even_k_alt_b_rational", "k": 8, "shard": "even-k-alt-b", "timestamp": "2026-04-08T08:59:47.742003"}
{"a": [0, 4, -2], "b": [0, 1, 1], "match": "1/1", "verified_digits": 150, "type": "even_k_alt_b_rational", "k": 4, "shard": "even-k-alt-b", "timestamp": "2026-04-08T08:59:48.165326"}
{"a": [0, 6, -2], "b": [0, 1, 1], "match": "3/2", "verified_digits": 150, "type": "even_k_alt_b_rational", "k": 6, "shard": "even-k-alt-b", "timestamp": "2026-04-08T08:59:48.194117"}
{"a": [0, 8, -2], "b": [0, 1, 1], "match": "13/7", "verified_digits": 70.9, "type": "even_k_alt_b_rational", "k": 8, "shard": "even-k-alt-b", "timestamp": "2026-04-08T08:59:48.230216"}
{"a": [0, 10, -2], "b": [0, 1, 1], "match": "144/67", "verified_digits": 71.2, "type": "even_k_alt_b_rational", "k": 10, "shard": "even-k-alt-b", "timestamp": "2026-04-08T08:59:48.254940"}
{"a": [0, 2, -2], "b": [1, 0, 1], "match": "1/1", "verified_digits": 150, "type": "even_k_alt_b_rational", "k": 2, "shard": "even-k-alt-b", "timestamp": "2026-04-08T08:59:48.592989"}
{"a": [0, 4, -2], "b": [1, 0, 1], "match": "2/1", "verified_digits": 150, "type": "even_k_alt_b_rational", "k": 4, "shard": "even-k-alt-b", "timestamp": "2026-04-08T08:59:48.627735"}
{"a": [0, 6, -2], "b": [1, 0, 1], "match": "17/7", "verified_digits": 70.7, "type": "even_k_alt_b_rational", "k": 6, "shard": "even-k-alt-b", "timestamp": "2026-04-08T08:59:48.654711"}
{"a": [0, 8, -2], "b": [1, 0, 1], "match": "11/4", "verified_digits": 150, "type": "even_k_alt_b_rational", "k": 8, "shard": "even-k-alt-b", "timestamp": "2026-04-08T08:59:48.688201"}
{"a": [0, 10, -2], "b": [1, 0, 1], "match": "3269/1081", "verified_digits": 70.9, "type": "even_k_alt_b_rational", "k": 10, "shard": "even-k-alt-b", "timestamp": "2026-04-08T08:59:48.721612"}
{"a": [3, 14, -2, -1], "b": [1, 3], "match": "141/43", "verified_digits": 71.1, "type": "even_k_perturbed_rational", "k": 14, "shard": "even-k-perturb", "timestamp": "2026-04-08T08:59:52.843631"}
{"a": [3, 8, -3], "b": [1, 6], "match": "101/49", "verified_digits": 150, "type": "new_rational_family", "shard": "even-k-new", "timestamp": "2026-04-08T08:59:52.969472"}
{"a": [-3, 16, -2, -1], "b": [1, 3], "match": "111/41", "verified_digits": 70.6, "type": "even_k_perturbed_rational", "k": 16, "shard": "even-k-perturb", "timestamp": "2026-04-08T08:59:53.766941"}
{"a": [-4, 10, -4], "b": [5, 7], "match": "31/6", "verified_digits": 150, "type": "new_rational_family", "shard": "even-k-new", "timestamp": "2026-04-08T08:59:54.350306"}
{"a": [-4, -4, 3], "b": [3, 5], "match": "19/8", "verified_digits": 150, "type": "new_rational_family", "shard": "even-k-new", "timestamp": "2026-04-08T08:59:55.645257"}
{"a": [0, 16, -4], "b": [1, 3], "match": "184/61", "verified_digits": 70.9, "type": "even_k_perturbed_rational", "k": 16, "shard": "even-k-perturb", "timestamp": "2026-04-08T08:59:55.747576"}
{"a": [-4, -6, 4], "b": [5, 3], "match": "17/4", "verified_digits": 150, "type": "new_rational_family", "shard": "even-k-new", "timestamp": "2026-04-08T08:59:59.722471"}
{"a": [-3, -8, 3], "b": [1, 7], "match": "-7/113", "verified_digits": 161.4, "type": "new_rational_family", "shard": "even-k-new", "timestamp": "2026-04-08T09:00:00.522507"}
{"a": [0, 18, -3, -1], "b": [1, 3], "match": "71/22", "verified_digits": 70.9, "type": "even_k_perturbed_rational", "k": 18, "shard": "even-k-perturb", "timestamp": "2026-04-08T09:00:01.533771"}
{"a": [0, 20, -4], "b": [1, 3], "match": "3773/1105", "verified_digits": 70.6, "type": "even_k_perturbed_rational", "k": 20, "shard": "even-k-perturb", "timestamp": "2026-04-08T09:00:06.348393"}
{"a": [0, 20, -1, -1], "b": [1, 3], "match": "587/164", "verified_digits": 71.0, "type": "even_k_perturbed_rational", "k": 20, "shard": "even-k-perturb", "timestamp": "2026-04-08T09:00:06.674733"}
{"a": [0, 20, 1, -1], "b": [1, 3], "match": "1923/523", "verified_digits": 70.7, "type": "even_k_perturbed_rational", "k": 20, "shard": "even-k-perturb", "timestamp": "2026-04-08T09:00:06.777459"}
{"a": [3, 20, -4, -1], "b": [1, 3], "match": "173/47", "verified_digits": 71.4, "type": "even_k_perturbed_rational", "k": 20, "shard": "even-k-perturb", "timestamp": "2026-04-08T09:00:08.414235"}
{"a": [-3, 10, -3], "b": [5, 3], "match": "509/93", "verified_digits": 150, "type": "new_rational_family", "shard": "even-k-new", "timestamp": "2026-04-08T09:00:08.547311"}
{"a": [0, 2, -2], "b": [1, 2], "match": "1/1", "verified_digits": 150, "type": "even_k_alt_b_rational", "k": 2, "shard": "even-k-alt-b", "timestamp": "2026-04-08T09:00:09.538286"}
{"a": [0, 4, -2], "b": [1, 2], "match": "5/3", "verified_digits": 70.9, "type": "even_k_alt_b_rational", "k": 4, "shard": "even-k-alt-b", "timestamp": "2026-04-08T09:00:09.564781"}
{"a": [0, 6, -2], "b": [1, 2], "match": "39/19", "verified_digits": 71.7, "type": "even_k_alt_b_rational", "k": 6, "shard": "even-k-alt-b", "timestamp": "2026-04-08T09:00:09.588462"}
{"a": [0, 8, -2], "b": [1, 2], "match": "425/179", "verified_digits": 70.8, "type": "even_k_alt_b_rational", "k": 8, "shard": "even-k-alt-b", "timestamp": "2026-04-08T09:00:09.612543"}
{"a": [0, 2, -2], "b": [1, 4], "match": "1/1", "verified_digits": 150, "type": "even_k_alt_b_rational", "k": 2, "shard": "even-k-alt-b", "timestamp": "2026-04-08T09:00:09.951977"}
{"a": [0, 4, -2], "b": [1, 4], "match": "7/5", "verified_digits": 71.4, "type": "even_k_alt_b_rational", "k": 4, "shard": "even-k-alt-b", "timestamp": "2026-04-08T09:00:09.974258"}
{"a": [0, 6, -2], "b": [1, 4], "match": "85/49", "verified_digits": 71.4, "type": "even_k_alt_b_rational", "k": 6, "shard": "even-k-alt-b", "timestamp": "2026-04-08T09:00:10.004227"}
{"a": [0, 8, -2], "b": [1, 4], "match": "1457/719", "verified_digits": 71.2, "type": "even_k_alt_b_rational", "k": 8, "shard": "even-k-alt-b", "timestamp": "2026-04-08T09:00:10.034599"}
{"a": [0, 2, -2], "b": [1, 5], "match": "1/1", "verified_digits": 150, "type": "even_k_alt_b_rational", "k": 2, "shard": "even-k-alt-b", "timestamp": "2026-04-08T09:00:10.359602"}
{"a": [0, 4, -2], "b": [1, 5], "match": "4/3", "verified_digits": 71.2, "type": "even_k_alt_b_rational", "k": 4, "shard": "even-k-alt-b", "timestamp": "2026-04-08T09:00:10.380004"}
{"a": [0, 6, -2], "b": [1, 5], "match": "57/35", "verified_digits": 71.1, "type": "even_k_alt_b_rational", "k": 6, "shard": "even-k-alt-b", "timestamp": "2026-04-08T09:00:10.406741"}
{"a": [0, 8, -2], "b": [1, 5], "match": "578/305", "verified_digits": 70.7, "type": "even_k_alt_b_rational", "k": 8, "shard": "even-k-alt-b", "timestamp": "2026-04-08T09:00:10.434108"}
{"a": [0, 2, -2], "b": [1, 6], "match": "1/1", "verified_digits": 150, "type": "even_k_alt_b_rational", "k": 2, "shard": "even-k-alt-b", "timestamp": "2026-04-08T09:00:10.854816"}
{"a": [0, 4, -2], "b": [1, 6], "match": "9/7", "verified_digits": 71.0, "type": "even_k_alt_b_rational", "k": 4, "shard": "even-k-alt-b", "timestamp": "2026-04-08T09:00:10.881658"}
{"a": [0, 6, -2], "b": [1, 6], "match": "147/95", "verified_digits": 70.9, "type": "even_k_alt_b_rational", "k": 6, "shard": "even-k-alt-b", "timestamp": "2026-04-08T09:00:10.909952"}
{"a": [0, 8, -2], "b": [1, 6], "match": "1147/641", "verified_digits": 71.2, "type": "even_k_alt_b_rational", "k": 8, "shard": "even-k-alt-b", "timestamp": "2026-04-08T09:00:10.931581"}
{"a": [0, 2, -2], "b": [1, 7], "match": "1/1", "verified_digits": 150, "type": "even_k_alt_b_rational", "k": 2, "shard": "even-k-alt-b", "timestamp": "2026-04-08T09:00:11.231610"}
{"a": [0, 4, -2], "b": [1, 7], "match": "5/4", "verified_digits": 150, "type": "even_k_alt_b_rational", "k": 4, "shard": "even-k-alt-b", "timestamp": "2026-04-08T09:00:11.253561"}
{"a": [0, 6, -2], "b": [1, 7], "match": "46/31", "verified_digits": 71.0, "type": "even_k_alt_b_rational", "k": 6, "shard": "even-k-alt-b", "timestamp": "2026-04-08T09:00:11.282218"}
{"a": [0, 8, -2], "b": [1, 7], "match": "305/179", "verified_digits": 73.0, "type": "even_k_alt_b_rational", "k": 8, "shard": "even-k-alt-b", "timestamp": "2026-04-08T09:00:11.300108"}
{"a": [0, 2, -2], "b": [2, 3], "match": "2/1", "verified_digits": 150, "type": "even_k_alt_b_rational", "k": 2, "shard": "even-k-alt-b", "timestamp": "2026-04-08T09:00:11.593509"}
{"a": [0, 4, -2], "b": [2, 3], "match": "12/5", "verified_digits": 70.8, "type": "even_k_alt_b_rational", "k": 4, "shard": "even-k-alt-b", "timestamp": "2026-04-08T09:00:11.612469"}
{"a": [0, 6, -2], "b": [2, 3], "match": "30/11", "verified_digits": 70.9, "type": "even_k_alt_b_rational", "k": 6, "shard": "even-k-alt-b", "timestamp": "2026-04-08T09:00:11.642277"}
{"a": [0, 8, -2], "b": [2, 3], "match": "280/93", "verified_digits": 71.2, "type": "even_k_alt_b_rational", "k": 8, "shard": "even-k-alt-b", "timestamp": "2026-04-08T09:00:11.670608"}
{"a": [0, 10, -2], "b": [2, 3], "match": "630/193", "verified_digits": 71.1, "type": "even_k_alt_b_rational", "k": 10, "shard": "even-k-alt-b", "timestamp": "2026-04-08T09:00:11.693465"}
{"a": [0, 12, -2], "b": [2, 3], "match": "2772/793", "verified_digits": 71.1, "type": "even_k_alt_b_rational", "k": 12, "shard": "even-k-alt-b", "timestamp": "2026-04-08T09:00:11.720694"}
{"a": [0, 14, -2], "b": [2, 3], "match": "6006/1619", "verified_digits": 70.9, "type": "even_k_alt_b_rational", "k": 14, "shard": "even-k-alt-b", "timestamp": "2026-04-08T09:00:11.743958"}
{"a": [0, 2, -2], "b": [2, 5], "match": "2/1", "verified_digits": 150, "type": "even_k_alt_b_rational", "k": 2, "shard": "even-k-alt-b", "timestamp": "2026-04-08T09:00:11.944492"}
{"a": [0, 4, -2], "b": [2, 5], "match": "16/7", "verified_digits": 71.0, "type": "even_k_alt_b_rational", "k": 4, "shard": "even-k-alt-b", "timestamp": "2026-04-08T09:00:11.979958"}
{"a": [0, 6, -2], "b": [2, 5], "match": "28/11", "verified_digits": 71.0, "type": "even_k_alt_b_rational", "k": 6, "shard": "even-k-alt-b", "timestamp": "2026-04-08T09:00:12.008478"}
{"a": [0, 8, -2], "b": [2, 5], "match": "2236/803", "verified_digits": 70.8, "type": "even_k_alt_b_rational", "k": 8, "shard": "even-k-alt-b", "timestamp": "2026-04-08T09:00:12.037272"}
{"a": [0, 10, -2], "b": [2, 5], "match": "4826/1605", "verified_digits": 72.5, "type": "even_k_alt_b_rational", "k": 10, "shard": "even-k-alt-b", "timestamp": "2026-04-08T09:00:12.067436"}
{"a": [0, 2, -2], "b": [3, 1], "match": "3/1", "verified_digits": 150, "type": "even_k_alt_b_rational", "k": 2, "shard": "even-k-alt-b", "timestamp": "2026-04-08T09:00:12.364136"}
{"a": [0, 4, -2], "b": [3, 1], "match": "7/2", "verified_digits": 150, "type": "even_k_alt_b_rational", "k": 4, "shard": "even-k-alt-b", "timestamp": "2026-04-08T09:00:12.386154"}
{"a": [0, 6, -2], "b": [3, 1], "match": "23/6", "verified_digits": 70.9, "type": "even_k_alt_b_rational", "k": 6, "shard": "even-k-alt-b", "timestamp": "2026-04-08T09:00:12.413190"}
{"a": [0, 8, -2], "b": [3, 1], "match": "33/8", "verified_digits": 150, "type": "even_k_alt_b_rational", "k": 8, "shard": "even-k-alt-b", "timestamp": "2026-04-08T09:00:12.435386"}
{"a": [0, 10, -2], "b": [3, 1], "match": "530/121", "verified_digits": 70.6, "type": "even_k_alt_b_rational", "k": 10, "shard": "even-k-alt-b", "timestamp": "2026-04-08T09:00:12.459909"}
{"a": [0, 12, -2], "b": [3, 1], "match": "1702/369", "verified_digits": 72.1, "type": "even_k_alt_b_rational", "k": 12, "shard": "even-k-alt-b", "timestamp": "2026-04-08T09:00:12.485051"}
{"a": [0, 14, -2], "b": [3, 1], "match": "473/98", "verified_digits": 70.7, "type": "even_k_alt_b_rational", "k": 14, "shard": "even-k-alt-b", "timestamp": "2026-04-08T09:00:12.508296"}
{"a": [0, 2, -2], "b": [3, 5], "match": "3/1", "verified_digits": 150, "type": "even_k_alt_b_rational", "k": 2, "shard": "even-k-alt-b", "timestamp": "2026-04-08T09:00:12.713542"}
{"a": [0, 4, -2], "b": [3, 5], "match": "13/4", "verified_digits": 150, "type": "even_k_alt_b_rational", "k": 4, "shard": "even-k-alt-b", "timestamp": "2026-04-08T09:00:12.730642"}
{"a": [0, 6, -2], "b": [3, 5], "match": "94/27", "verified_digits": 70.7, "type": "even_k_alt_b_rational", "k": 6, "shard": "even-k-alt-b", "timestamp": "2026-04-08T09:00:12.752785"}
{"a": [0, 8, -2], "b": [3, 5], "match": "159/43", "verified_digits": 70.8, "type": "even_k_alt_b_rational", "k": 8, "shard": "even-k-alt-b", "timestamp": "2026-04-08T09:00:12.774959"}
{"a": [0, 2, -2], "b": [1, 1, 1], "match": "1/1", "verified_digits": 150, "type": "even_k_alt_b_rational", "k": 2, "shard": "even-k-alt-b", "timestamp": "2026-04-08T09:00:13.911424"}
{"a": [0, 4, -2], "b": [1, 1, 1], "match": "5/3", "verified_digits": 70.9, "type": "even_k_alt_b_rational", "k": 4, "shard": "even-k-alt-b", "timestamp": "2026-04-08T09:00:14.057512"}
{"a": [0, 6, -2], "b": [1, 1, 1], "match": "53/25", "verified_digits": 71.5, "type": "even_k_alt_b_rational", "k": 6, "shard": "even-k-alt-b", "timestamp": "2026-04-08T09:00:14.157395"}
{"a": [0, 8, -2], "b": [1, 1, 1], "match": "977/395", "verified_digits": 71.0, "type": "even_k_alt_b_rational", "k": 8, "shard": "even-k-alt-b", "timestamp": "2026-04-08T09:00:14.191795"}
{"a": [0, 2, -2], "b": [1, 2, 1], "match": "1/1", "verified_digits": 150, "type": "even_k_alt_b_rational", "k": 2, "shard": "even-k-alt-b", "timestamp": "2026-04-08T09:00:14.760154"}
{"a": [0, 4, -2], "b": [1, 2, 1], "match": "3/2", "verified_digits": 150, "type": "even_k_alt_b_rational", "k": 4, "shard": "even-k-alt-b", "timestamp": "2026-04-08T09:00:14.798650"}
{"a": [0, 6, -2], "b": [1, 2, 1], "match": "19/10", "verified_digits": 70.8, "type": "even_k_alt_b_rational", "k": 6, "shard": "even-k-alt-b", "timestamp": "2026-04-08T09:00:14.843062"}
{"a": [0, 8, -2], "b": [1, 2, 1], "match": "407/182", "verified_digits": 70.5, "type": "even_k_alt_b_rational", "k": 8, "shard": "even-k-alt-b", "timestamp": "2026-04-08T09:00:14.884089"}
{"a": [0, 10, -2], "b": [1, 2, 1], "match": "1095/433", "verified_digits": 70.9, "type": "even_k_alt_b_rational", "k": 10, "shard": "even-k-alt-b", "timestamp": "2026-04-08T09:00:14.925635"}
{"a": [0, 2, -2], "b": [1, 3, 1], "match": "1/1", "verified_digits": 150, "type": "even_k_alt_b_rational", "k": 2, "shard": "even-k-alt-b", "timestamp": "2026-04-08T09:00:15.539674"}
{"a": [0, 4, -2], "b": [1, 3, 1], "match": "7/5", "verified_digits": 71.4, "type": "even_k_alt_b_rational", "k": 4, "shard": "even-k-alt-b", "timestamp": "2026-04-08T09:00:15.575552"}
{"a": [0, 6, -2], "b": [1, 3, 1], "match": "103/59", "verified_digits": 72.2, "type": "even_k_alt_b_rational", "k": 6, "shard": "even-k-alt-b", "timestamp": "2026-04-08T09:00:15.897000"}
{"a": [0, 8, -2], "b": [1, 3, 1], "match": "839/409", "verified_digits": 71.0, "type": "even_k_alt_b_rational", "k": 8, "shard": "even-k-alt-b", "timestamp": "2026-04-08T09:00:16.142241"}
{"a": [0, 4, -2], "b": [0, 1, 1], "match": "1/1", "verified_digits": 150, "type": "even_k_alt_b_rational", "k": 4, "shard": "even-k-alt-b", "timestamp": "2026-04-08T09:00:17.543483"}
{"a": [0, 6, -2], "b": [0, 1, 1], "match": "3/2", "verified_digits": 150, "type": "even_k_alt_b_rational", "k": 6, "shard": "even-k-alt-b", "timestamp": "2026-04-08T09:00:17.727181"}
{"a": [0, 8, -2], "b": [0, 1, 1], "match": "13/7", "verified_digits": 70.9, "type": "even_k_alt_b_rational", "k": 8, "shard": "even-k-alt-b", "timestamp": "2026-04-08T09:00:17.793878"}
{"a": [0, 10, -2], "b": [0, 1, 1], "match": "144/67", "verified_digits": 71.2, "type": "even_k_alt_b_rational", "k": 10, "shard": "even-k-alt-b", "timestamp": "2026-04-08T09:00:17.920104"}
{"a": [0, 2, -2], "b": [1, 0, 1], "match": "1/1", "verified_digits": 150, "type": "even_k_alt_b_rational", "k": 2, "shard": "even-k-alt-b", "timestamp": "2026-04-08T09:00:18.568419"}
{"a": [0, 4, -2], "b": [1, 0, 1], "match": "2/1", "verified_digits": 150, "type": "even_k_alt_b_rational", "k": 4, "shard": "even-k-alt-b", "timestamp": "2026-04-08T09:00:18.686482"}
{"a": [0, 6, -2], "b": [1, 0, 1], "match": "17/7", "verified_digits": 70.7, "type": "even_k_alt_b_rational", "k": 6, "shard": "even-k-alt-b", "timestamp": "2026-04-08T09:00:18.794590"}
{"a": [0, 8, -2], "b": [1, 0, 1], "match": "11/4", "verified_digits": 150, "type": "even_k_alt_b_rational", "k": 8, "shard": "even-k-alt-b", "timestamp": "2026-04-08T09:00:18.878582"}
{"a": [0, 10, -2], "b": [1, 0, 1], "match": "3269/1081", "verified_digits": 70.9, "type": "even_k_alt_b_rational", "k": 10, "shard": "even-k-alt-b", "timestamp": "2026-04-08T09:00:18.993544"}
{"a": [4, 6, -4], "b": [1, 7], "match": "7/4", "verified_digits": 150, "type": "new_rational_family", "shard": "even-k-new", "timestamp": "2026-04-08T09:00:21.194134"}
{"a": [3, 8, -3], "b": [1, 6], "match": "101/49", "verified_digits": 150, "type": "new_rational_family", "shard": "even-k-new", "timestamp": "2026-04-08T09:00:23.159456"}
{"a": [4, -8, 3], "b": [3, 7], "match": "29/10", "verified_digits": 150, "type": "new_rational_family", "shard": "even-k-new", "timestamp": "2026-04-08T09:00:23.364259"}
{"a": [-4, 10, -4], "b": [5, 7], "match": "31/6", "verified_digits": 150, "type": "new_rational_family", "shard": "even-k-new", "timestamp": "2026-04-08T09:00:24.011004"}
{"a": [-4, -4, 3], "b": [3, 5], "match": "19/8", "verified_digits": 150, "type": "new_rational_family", "shard": "even-k-new", "timestamp": "2026-04-08T09:00:25.023217"}
{"a": [0, 10, 3], "b": [1, 2], "match": "70/23", "verified_digits": 160.4, "type": "new_rational_family", "shard": "even-k-new", "timestamp": "2026-04-08T09:00:25.464757"}
{"a": [-4, 10, -4], "b": [4, 1], "match": "22/5", "verified_digits": 150, "type": "new_rational_family", "shard": "even-k-new", "timestamp": "2026-04-08T09:00:25.673261"}
{"a": [4, 4, -3], "b": [1, 7], "match": "13/8", "verified_digits": 150, "type": "new_rational_family", "shard": "even-k-new", "timestamp": "2026-04-08T09:00:26.760949"}
{"a": [3, 8, -3], "b": [1, 1], "match": "37/13", "verified_digits": 160.4, "type": "new_rational_family", "shard": "even-k-new", "timestamp": "2026-04-08T09:00:27.618158"}
{"a": [-4, -6, 4], "b": [5, 3], "match": "17/4", "verified_digits": 150, "type": "new_rational_family", "shard": "even-k-new", "timestamp": "2026-04-08T09:00:27.835331"}
{"a": [-3, -8, 3], "b": [1, 7], "match": "-7/113", "verified_digits": 161.4, "type": "new_rational_family", "shard": "even-k-new", "timestamp": "2026-04-08T09:00:28.400704"}
{"a": [4, 6, -4], "b": [2, 3], "match": "16/5", "verified_digits": 150, "type": "new_rational_family", "shard": "even-k-new", "timestamp": "2026-04-08T09:00:31.393505"}
{"a": [-3, 10, -3], "b": [5, 3], "match": "509/93", "verified_digits": 150, "type": "new_rational_family", "shard": "even-k-new", "timestamp": "2026-04-08T09:00:34.811603"}
{"a": [-3, -8, 3], "b": [3, 3], "match": "69/47", "verified_digits": 160.8, "type": "new_rational_family", "shard": "even-k-new", "timestamp": "2026-04-08T09:00:37.354257"}
{"a": [4, -8, 3], "b": [2, 1], "match": "5/3", "verified_digits": 150, "type": "new_rational_family", "shard": "even-k-new", "timestamp": "2026-04-08T09:00:38.813806"}
{"a": [-4, 10, -4], "b": [2, 3], "match": "12/5", "verified_digits": 150, "type": "new_rational_family", "shard": "even-k-new", "timestamp": "2026-04-08T09:00:39.085722"}
{"a": [-3, 10, -3], "b": [4, 7], "match": "884/203", "verified_digits": 150, "type": "new_rational_family", "shard": "even-k-new", "timestamp": "2026-04-08T09:00:39.777306"}
{"a": [3, 8, -3], "b": [3, 5], "match": "437/111", "verified_digits": 150, "type": "new_rational_family", "shard": "even-k-new", "timestamp": "2026-04-08T09:00:40.985810"}
{"a": [4, 6, -4], "b": [1, 7], "match": "7/4", "verified_digits": 150, "type": "new_rational_family", "shard": "even-k-new", "timestamp": "2026-04-08T09:00:41.525229"}
{"a": [0, 8, 3], "b": [3, 2], "match": "40/9", "verified_digits": 150, "type": "new_rational_family", "shard": "even-k-new", "timestamp": "2026-04-08T09:00:41.688909"}
{"a": [-3, -8, 3], "b": [4, 7], "match": "620/191", "verified_digits": 150, "type": "new_rational_family", "shard": "even-k-new", "timestamp": "2026-04-08T09:00:43.294780"}
{"a": [4, -8, 3], "b": [3, 7], "match": "29/10", "verified_digits": 150, "type": "new_rational_family", "shard": "even-k-new", "timestamp": "2026-04-08T09:00:43.731497"}
{"a": [4, 4, -3], "b": [1, 6], "match": "12/7", "verified_digits": 150, "type": "new_rational_family", "shard": "even-k-new", "timestamp": "2026-04-08T09:00:43.852248"}
{"a": [-3, -8, 3], "b": [1, 6], "match": "-5/21", "verified_digits": 160.9, "type": "new_rational_family", "shard": "even-k-new", "timestamp": "2026-04-08T09:00:44.687343"}
{"a": [0, 10, 3], "b": [1, 2], "match": "70/23", "verified_digits": 160.4, "type": "new_rational_family", "shard": "even-k-new", "timestamp": "2026-04-08T09:00:45.799293"}
{"a": [-4, 10, -4], "b": [4, 1], "match": "22/5", "verified_digits": 150, "type": "new_rational_family", "shard": "even-k-new", "timestamp": "2026-04-08T09:00:46.028500"}
{"a": [4, 4, -3], "b": [1, 7], "match": "13/8", "verified_digits": 150, "type": "new_rational_family", "shard": "even-k-new", "timestamp": "2026-04-08T09:00:47.123019"}
{"a": [4, 6, -4], "b": [3, 7], "match": "18/5", "verified_digits": 150, "type": "new_rational_family", "shard": "even-k-new", "timestamp": "2026-04-08T09:00:47.932741"}
{"a": [3, 8, -3], "b": [1, 1], "match": "37/13", "verified_digits": 160.4, "type": "new_rational_family", "shard": "even-k-new", "timestamp": "2026-04-08T09:00:47.961374"}
{"a": [4, 6, -4], "b": [2, 3], "match": "16/5", "verified_digits": 150, "type": "new_rational_family", "shard": "even-k-new", "timestamp": "2026-04-08T09:00:51.456304"}
{"a": [4, -8, 3], "b": [4, 5], "match": "35/9", "verified_digits": 150, "type": "new_rational_family", "shard": "even-k-new", "timestamp": "2026-04-08T09:00:52.466814"}
{"a": [-4, 8, -3], "b": [2, 2], "match": "9/4", "verified_digits": 150, "type": "new_rational_family", "shard": "even-k-new", "timestamp": "2026-04-08T09:00:52.804232"}
{"a": [-4, 10, -4], "b": [5, 2], "match": "37/7", "verified_digits": 150, "type": "new_rational_family", "shard": "even-k-new", "timestamp": "2026-04-08T09:00:53.521943"}
{"a": [-4, 8, -3], "b": [1, 4], "match": "6/5", "verified_digits": 150, "type": "new_rational_family", "shard": "even-k-new", "timestamp": "2026-04-08T09:00:55.216425"}
{"a": [-4, 8, -3], "b": [5, 2], "match": "36/7", "verified_digits": 150, "type": "new_rational_family", "shard": "even-k-new", "timestamp": "2026-04-08T09:00:56.399840"}
{"a": [-3, -8, 3], "b": [3, 3], "match": "69/47", "verified_digits": 160.8, "type": "new_rational_family", "shard": "even-k-new", "timestamp": "2026-04-08T09:00:57.707291"}
{"a": [-4, -6, 4], "b": [1, 3], "match": "-1/2", "verified_digits": 150, "type": "new_rational_family", "shard": "even-k-new", "timestamp": "2026-04-08T09:00:57.729268"}
{"a": [4, -8, 3], "b": [2, 1], "match": "5/3", "verified_digits": 150, "type": "new_rational_family", "shard": "even-k-new", "timestamp": "2026-04-08T09:00:59.193217"}
{"a": [-4, 10, -4], "b": [2, 3], "match": "12/5", "verified_digits": 150, "type": "new_rational_family", "shard": "even-k-new", "timestamp": "2026-04-08T09:00:59.514746"}
{"a": [-3, 10, -3], "b": [4, 7], "match": "884/203", "verified_digits": 150, "type": "new_rational_family", "shard": "even-k-new", "timestamp": "2026-04-08T09:01:00.391154"}
{"a": [3, 8, -3], "b": [3, 5], "match": "437/111", "verified_digits": 150, "type": "new_rational_family", "shard": "even-k-new", "timestamp": "2026-04-08T09:01:01.496931"}
{"a": [0, 8, 3], "b": [3, 2], "match": "40/9", "verified_digits": 150, "type": "new_rational_family", "shard": "even-k-new", "timestamp": "2026-04-08T09:01:02.082115"}
{"a": [-3, -8, 3], "b": [4, 7], "match": "620/191", "verified_digits": 150, "type": "new_rational_family", "shard": "even-k-new", "timestamp": "2026-04-08T09:01:03.272854"}
{"a": [4, 4, -3], "b": [3, 4], "match": "26/7", "verified_digits": 150, "type": "new_rational_family", "shard": "even-k-new", "timestamp": "2026-04-08T09:01:03.657213"}
{"a": [4, 4, -3], "b": [1, 6], "match": "12/7", "verified_digits": 150, "type": "new_rational_family", "shard": "even-k-new", "timestamp": "2026-04-08T09:01:03.759916"}
{"a": [-3, -8, 3], "b": [1, 6], "match": "-5/21", "verified_digits": 160.9, "type": "new_rational_family", "shard": "even-k-new", "timestamp": "2026-04-08T09:01:04.485423"}
{"a": [4, 6, -4], "b": [5, 4], "match": "17/3", "verified_digits": 150, "type": "new_rational_family", "shard": "even-k-new", "timestamp": "2026-04-08T09:01:05.292082"}
{"a": [4, 6, -4], "b": [3, 7], "match": "18/5", "verified_digits": 150, "type": "new_rational_family", "shard": "even-k-new", "timestamp": "2026-04-08T09:01:07.196905"}
{"a": [-3, -8, 3], "b": [2, 2], "match": "-14/17", "verified_digits": 160.6, "type": "new_rational_family", "shard": "even-k-new", "timestamp": "2026-04-08T09:01:08.587529"}
{"a": [-4, 8, -3], "b": [2, 5], "match": "15/7", "verified_digits": 150, "type": "new_rational_family", "shard": "even-k-new", "timestamp": "2026-04-08T09:01:09.948621"}
{"a": [4, -8, 3], "b": [4, 5], "match": "35/9", "verified_digits": 150, "type": "new_rational_family", "shard": "even-k-new", "timestamp": "2026-04-08T09:01:11.259274"}
{"a": [-3, 10, -3], "b": [5, 5], "match": "167/31", "verified_digits": 150, "type": "new_rational_family", "shard": "even-k-new", "timestamp": "2026-04-08T09:01:11.548101"}
{"a": [-4, 8, -3], "b": [2, 2], "match": "9/4", "verified_digits": 150, "type": "new_rational_family", "shard": "even-k-new", "timestamp": "2026-04-08T09:01:11.566954"}
{"a": [-3, 10, -3], "b": [2, 6], "match": "290/117", "verified_digits": 150, "type": "new_rational_family", "shard": "even-k-new", "timestamp": "2026-04-08T09:01:12.281808"}
{"a": [-4, 10, -4], "b": [5, 2], "match": "37/7", "verified_digits": 150, "type": "new_rational_family", "shard": "even-k-new", "timestamp": "2026-04-08T09:01:12.631778"}
{"a": [-4, 8, -3], "b": [1, 4], "match": "6/5", "verified_digits": 150, "type": "new_rational_family", "shard": "even-k-new", "timestamp": "2026-04-08T09:01:16.314629"}
{"a": [4, 6, -4], "b": [4, 3], "match": "34/7", "verified_digits": 150, "type": "new_rational_family", "shard": "even-k-new", "timestamp": "2026-04-08T09:01:17.983421"}
{"a": [-4, 8, -3], "b": [5, 2], "match": "36/7", "verified_digits": 150, "type": "new_rational_family", "shard": "even-k-new", "timestamp": "2026-04-08T09:01:18.087336"}
{"a": [-4, -6, 4], "b": [1, 3], "match": "-1/2", "verified_digits": 150, "type": "new_rational_family", "shard": "even-k-new", "timestamp": "2026-04-08T09:01:19.450895"}
{"a": [-4, 10, -4], "b": [3, 3], "match": "10/3", "verified_digits": 150, "type": "new_rational_family", "shard": "even-k-new", "timestamp": "2026-04-08T09:01:20.023253"}
{"a": [-4, -4, 3], "b": [3, 6], "match": "22/9", "verified_digits": 150, "type": "new_rational_family", "shard": "even-k-new", "timestamp": "2026-04-08T09:01:20.748817"}
{"a": [-3, -8, 3], "b": [5, 6], "match": "191/45", "verified_digits": 150, "type": "new_rational_family", "shard": "even-k-new", "timestamp": "2026-04-08T09:01:21.311890"}
{"a": [4, 6, -4], "b": [2, 2], "match": "7/2", "verified_digits": 150, "type": "new_rational_family", "shard": "even-k-new", "timestamp": "2026-04-08T09:01:21.612805"}
{"a": [-4, -4, 3], "b": [3, 3], "match": "13/6", "verified_digits": 150, "type": "new_rational_family", "shard": "even-k-new", "timestamp": "2026-04-08T09:01:23.475606"}
{"a": [-4, 10, -4], "b": [2, 6], "match": "9/4", "verified_digits": 150, "type": "new_rational_family", "shard": "even-k-new", "timestamp": "2026-04-08T09:01:25.127517"}
{"a": [-4, 10, -4], "b": [5, 5], "match": "26/5", "verified_digits": 150, "type": "new_rational_family", "shard": "even-k-new", "timestamp": "2026-04-08T09:01:25.524322"}
{"a": [4, 4, -3], "b": [3, 4], "match": "26/7", "verified_digits": 150, "type": "new_rational_family", "shard": "even-k-new", "timestamp": "2026-04-08T09:01:25.996319"}
{"a": [3, 8, -3], "b": [2, 5], "match": "278/91", "verified_digits": 150, "type": "new_rational_family", "shard": "even-k-new", "timestamp": "2026-04-08T09:01:26.208814"}
{"a": [4, 6, -4], "b": [5, 4], "match": "17/3", "verified_digits": 150, "type": "new_rational_family", "shard": "even-k-new", "timestamp": "2026-04-08T09:01:28.093645"}
{"a": [-3, 10, -3], "b": [5, 4], "match": "331/61", "verified_digits": 150, "type": "new_rational_family", "shard": "even-k-new", "timestamp": "2026-04-08T09:01:28.351717"}
{"a": [-4, 10, -4], "b": [4, 4], "match": "17/4", "verified_digits": 150, "type": "new_rational_family", "shard": "even-k-new", "timestamp": "2026-04-08T09:01:29.407864"}
{"a": [-4, -6, 4], "b": [3, 4], "match": "15/7", "verified_digits": 160.4, "type": "new_rational_family", "shard": "even-k-new", "timestamp": "2026-04-08T09:01:31.226156"}
{"a": [-3, -8, 3], "b": [2, 2], "match": "-14/17", "verified_digits": 160.6, "type": "new_rational_family", "shard": "even-k-new", "timestamp": "2026-04-08T09:01:31.954503"}
{"a": [4, 6, -4], "b": [2, 5], "match": "20/7", "verified_digits": 160.4, "type": "new_rational_family", "shard": "even-k-new", "timestamp": "2026-04-08T09:01:33.416323"}
{"a": [-4, 8, -3], "b": [2, 5], "match": "15/7", "verified_digits": 150, "type": "new_rational_family", "shard": "even-k-new", "timestamp": "2026-04-08T09:01:33.632335"}
{"a": [4, 4, -3], "b": [1, 5], "match": "11/6", "verified_digits": 160.8, "type": "new_rational_family", "shard": "even-k-new", "timestamp": "2026-04-08T09:01:34.149105"}
{"a": [-3, 10, -3], "b": [5, 5], "match": "167/31", "verified_digits": 150, "type": "new_rational_family", "shard": "even-k-new", "timestamp": "2026-04-08T09:01:35.351415"}
{"a": [-3, 10, -3], "b": [2, 6], "match": "290/117", "verified_digits": 150, "type": "new_rational_family", "shard": "even-k-new", "timestamp": "2026-04-08T09:01:35.866232"}
{"a": [-3, 10, -3], "b": [5, 1], "match": "263/47", "verified_digits": 150, "type": "new_rational_family", "shard": "even-k-new", "timestamp": "2026-04-08T09:01:37.583103"}
{"a": [-4, -6, 4], "b": [3, 7], "match": "12/5", "verified_digits": 150, "type": "new_rational_family", "shard": "even-k-new", "timestamp": "2026-04-08T09:01:37.790704"}
{"a": [4, 4, -3], "b": [5, 3], "match": "45/8", "verified_digits": 150, "type": "new_rational_family", "shard": "even-k-new", "timestamp": "2026-04-08T09:01:38.158573"}
{"a": [4, 6, -4], "b": [4, 3], "match": "34/7", "verified_digits": 150, "type": "new_rational_family", "shard": "even-k-new", "timestamp": "2026-04-08T09:01:38.646250"}
{"a": [-3, 10, -3], "b": [1, 3], "match": "61/33", "verified_digits": 150, "type": "new_rational_family", "shard": "even-k-new", "timestamp": "2026-04-08T09:01:40.747172"}
{"a": [-4, 10, -4], "b": [3, 3], "match": "10/3", "verified_digits": 150, "type": "new_rational_family", "shard": "even-k-new", "timestamp": "2026-04-08T09:01:40.760256"}
{"a": [-4, -4, 3], "b": [3, 6], "match": "22/9", "verified_digits": 150, "type": "new_rational_family", "shard": "even-k-new", "timestamp": "2026-04-08T09:01:41.625213"}
{"a": [-3, -8, 3], "b": [5, 6], "match": "191/45", "verified_digits": 150, "type": "new_rational_family", "shard": "even-k-new", "timestamp": "2026-04-08T09:01:42.353479"}
{"a": [4, 6, -4], "b": [2, 2], "match": "7/2", "verified_digits": 150, "type": "new_rational_family", "shard": "even-k-new", "timestamp": "2026-04-08T09:01:42.726276"}
{"a": [-4, -6, 4], "b": [3, 2], "match": "9/5", "verified_digits": 150, "type": "new_rational_family", "shard": "even-k-new", "timestamp": "2026-04-08T09:01:45.020282"}
{"a": [4, 4, -3], "b": [5, 1], "match": "35/6", "verified_digits": 150, "type": "new_rational_family", "shard": "even-k-new", "timestamp": "2026-04-08T09:01:47.596729"}
{"a": [-4, -4, 3], "b": [3, 3], "match": "13/6", "verified_digits": 150, "type": "new_rational_family", "shard": "even-k-new", "timestamp": "2026-04-08T09:01:47.615280"}
{"a": [-4, 10, -4], "b": [2, 6], "match": "9/4", "verified_digits": 150, "type": "new_rational_family", "shard": "even-k-new", "timestamp": "2026-04-08T09:01:49.243238"}
{"a": [-4, 10, -4], "b": [5, 5], "match": "26/5", "verified_digits": 150, "type": "new_rational_family", "shard": "even-k-new", "timestamp": "2026-04-08T09:01:49.590833"}
{"a": [3, 8, -3], "b": [2, 5], "match": "278/91", "verified_digits": 150, "type": "new_rational_family", "shard": "even-k-new", "timestamp": "2026-04-08T09:01:50.275332"}
{"a": [-4, -6, 4], "b": [4, 4], "match": "13/4", "verified_digits": 150, "type": "new_rational_family", "shard": "even-k-new", "timestamp": "2026-04-08T09:01:50.487272"}
{"a": [4, 6, -4], "b": [5, 5], "match": "28/5", "verified_digits": 150, "type": "new_rational_family", "shard": "even-k-new", "timestamp": "2026-04-08T09:01:50.796049"}
{"a": [4, 6, -4], "b": [3, 4], "match": "27/7", "verified_digits": 160.4, "type": "new_rational_family", "shard": "even-k-new", "timestamp": "2026-04-08T09:01:51.533679"}
{"a": [-3, 10, -3], "b": [5, 4], "match": "331/61", "verified_digits": 150, "type": "new_rational_family", "shard": "even-k-new", "timestamp": "2026-04-08T09:01:52.404389"}
{"a": [-4, 10, -4], "b": [4, 4], "match": "17/4", "verified_digits": 150, "type": "new_rational_family", "shard": "even-k-new", "timestamp": "2026-04-08T09:01:53.621264"}
{"a": [-3, -8, 3], "b": [3, 4], "match": "61/35", "verified_digits": 150, "type": "new_rational_family", "shard": "even-k-new", "timestamp": "2026-04-08T09:01:53.934948"}
{"a": [-4, -6, 4], "b": [3, 4], "match": "15/7", "verified_digits": 160.4, "type": "new_rational_family", "shard": "even-k-new", "timestamp": "2026-04-08T09:01:58.817378"}
{"a": [4, 6, -4], "b": [2, 5], "match": "20/7", "verified_digits": 160.4, "type": "new_rational_family", "shard": "even-k-new", "timestamp": "2026-04-08T09:02:02.045822"}
{"a": [4, 4, -3], "b": [1, 5], "match": "11/6", "verified_digits": 160.8, "type": "new_rational_family", "shard": "even-k-new", "timestamp": "2026-04-08T09:02:02.975058"}
{"a": [-4, -4, 3], "b": [1, 6], "match": "2/7", "verified_digits": 161.4, "type": "new_rational_family", "shard": "even-k-new", "timestamp": "2026-04-08T09:02:05.057878"}
{"a": [-3, 10, -3], "b": [5, 1], "match": "263/47", "verified_digits": 150, "type": "new_rational_family", "shard": "even-k-new", "timestamp": "2026-04-08T09:02:07.334925"}
{"a": [-4, -6, 4], "b": [3, 7], "match": "12/5", "verified_digits": 150, "type": "new_rational_family", "shard": "even-k-new", "timestamp": "2026-04-08T09:02:07.583438"}
{"a": [4, 4, -3], "b": [5, 3], "match": "45/8", "verified_digits": 150, "type": "new_rational_family", "shard": "even-k-new", "timestamp": "2026-04-08T09:02:08.059681"}
{"a": [-3, 10, -3], "b": [1, 3], "match": "61/33", "verified_digits": 150, "type": "new_rational_family", "shard": "even-k-new", "timestamp": "2026-04-08T09:02:11.242945"}
{"a": [-4, -6, 4], "b": [3, 2], "match": "9/5", "verified_digits": 150, "type": "new_rational_family", "shard": "even-k-new", "timestamp": "2026-04-08T09:02:14.861437"}
{"a": [-4, 10, -4], "b": [3, 6], "match": "29/9", "verified_digits": 150, "type": "new_rational_family", "shard": "even-k-new", "timestamp": "2026-04-08T09:02:15.022635"}
{"a": [4, 4, -3], "b": [5, 1], "match": "35/6", "verified_digits": 150, "type": "new_rational_family", "shard": "even-k-new", "timestamp": "2026-04-08T09:02:16.460648"}
{"a": [-3, 10, -3], "b": [1, 7], "match": "37/25", "verified_digits": 150, "type": "new_rational_family", "shard": "even-k-new", "timestamp": "2026-04-08T09:02:17.125154"}
{"a": [-4, -6, 4], "b": [4, 4], "match": "13/4", "verified_digits": 150, "type": "new_rational_family", "shard": "even-k-new", "timestamp": "2026-04-08T09:02:18.825656"}
{"a": [4, 6, -4], "b": [5, 5], "match": "28/5", "verified_digits": 150, "type": "new_rational_family", "shard": "even-k-new", "timestamp": "2026-04-08T09:02:19.029405"}
{"a": [4, -8, 3], "b": [3, 4], "match": "20/7", "verified_digits": 150, "type": "new_rational_family", "shard": "even-k-new", "timestamp": "2026-04-08T09:02:19.469117"}
{"a": [4, 6, -4], "b": [3, 4], "match": "27/7", "verified_digits": 160.4, "type": "new_rational_family", "shard": "even-k-new", "timestamp": "2026-04-08T09:02:19.618105"}
{"a": [4, 4, -3], "b": [5, 2], "match": "40/7", "verified_digits": 150, "type": "new_rational_family", "shard": "even-k-new", "timestamp": "2026-04-08T09:02:19.978079"}
{"a": [-3, -8, 3], "b": [3, 4], "match": "61/35", "verified_digits": 150, "type": "new_rational_family", "shard": "even-k-new", "timestamp": "2026-04-08T09:02:21.528511"}
{"a": [4, 4, -3], "b": [2, 1], "match": "11/3", "verified_digits": 160.4, "type": "new_rational_family", "shard": "even-k-new", "timestamp": "2026-04-08T09:02:21.930242"}
{"a": [-4, -6, 4], "b": [4, 6], "match": "17/5", "verified_digits": 150, "type": "new_rational_family", "shard": "even-k-new", "timestamp": "2026-04-08T09:02:22.156310"}
{"a": [4, 4, -3], "b": [5, 5], "match": "11/2", "verified_digits": 150, "type": "new_rational_family", "shard": "even-k-new", "timestamp": "2026-04-08T09:02:25.783938"}
{"a": [-4, -4, 3], "b": [1, 6], "match": "2/7", "verified_digits": 161.4, "type": "new_rational_family", "shard": "even-k-new", "timestamp": "2026-04-08T09:02:27.418632"}
{"a": [4, 4, -3], "b": [3, 1], "match": "17/4", "verified_digits": 150, "type": "new_rational_family", "shard": "even-k-new", "timestamp": "2026-04-08T09:02:29.896501"}
{"a": [-4, -4, 3], "b": [2, 6], "match": "11/8", "verified_digits": 150, "type": "new_rational_family", "shard": "even-k-new", "timestamp": "2026-04-08T09:02:32.602094"}
{"a": [-3, -8, 3], "b": [4, 1], "match": "44/23", "verified_digits": 150, "type": "new_rational_family", "shard": "even-k-new", "timestamp": "2026-04-08T09:02:33.447120"}
{"a": [4, -8, 3], "b": [2, 3], "match": "9/5", "verified_digits": 150, "type": "new_rational_family", "shard": "even-k-new", "timestamp": "2026-04-08T09:02:33.853450"}
{"a": [4, 4, -3], "b": [2, 7], "match": "23/9", "verified_digits": 150, "type": "new_rational_family", "shard": "even-k-new", "timestamp": "2026-04-08T09:02:36.080940"}
{"a": [4, 6, -4], "b": [4, 5], "match": "14/3", "verified_digits": 150, "type": "new_rational_family", "shard": "even-k-new", "timestamp": "2026-04-08T09:02:36.809362"}
{"a": [4, 4, -3], "b": [5, 6], "match": "60/11", "verified_digits": 150, "type": "new_rational_family", "shard": "even-k-new", "timestamp": "2026-04-08T09:02:37.837604"}
{"a": [-4, 10, -4], "b": [3, 6], "match": "29/9", "verified_digits": 150, "type": "new_rational_family", "shard": "even-k-new", "timestamp": "2026-04-08T09:02:38.161236"}
{"a": [-3, 10, -3], "b": [1, 7], "match": "37/25", "verified_digits": 150, "type": "new_rational_family", "shard": "even-k-new", "timestamp": "2026-04-08T09:02:40.837231"}
{"a": [4, -8, 3], "b": [3, 4], "match": "20/7", "verified_digits": 150, "type": "new_rational_family", "shard": "even-k-new", "timestamp": "2026-04-08T09:02:43.758036"}
{"a": [4, 4, -3], "b": [5, 2], "match": "40/7", "verified_digits": 150, "type": "new_rational_family", "shard": "even-k-new", "timestamp": "2026-04-08T09:02:44.553439"}
{"a": [-4, -6, 4], "b": [3, 6], "match": "7/3", "verified_digits": 150, "type": "new_rational_family", "shard": "even-k-new", "timestamp": "2026-04-08T09:02:44.592606"}
{"a": [-4, -4, 3], "b": [2, 2], "match": "3/4", "verified_digits": 150, "type": "new_rational_family", "shard": "even-k-new", "timestamp": "2026-04-08T09:02:46.639309"}
{"a": [4, 4, -3], "b": [2, 1], "match": "11/3", "verified_digits": 160.4, "type": "new_rational_family", "shard": "even-k-new", "timestamp": "2026-04-08T09:02:46.752960"}
{"a": [-4, -6, 4], "b": [4, 6], "match": "17/5", "verified_digits": 150, "type": "new_rational_family", "shard": "even-k-new", "timestamp": "2026-04-08T09:02:46.946716"}
{"a": [-3, 10, -3], "b": [1, 6], "match": "37/24", "verified_digits": 160.8, "type": "new_rational_family", "shard": "even-k-new", "timestamp": "2026-04-08T09:02:49.750367"}
{"a": [0, -6, -4], "b": [4, 5], "match": "12/5", "verified_digits": 150, "type": "new_rational_family", "shard": "even-k-new", "timestamp": "2026-04-08T09:02:50.811080"}
{"a": [4, 4, -3], "b": [5, 5], "match": "11/2", "verified_digits": 150, "type": "new_rational_family", "shard": "even-k-new", "timestamp": "2026-04-08T09:02:50.870902"}
{"a": [3, 8, -3], "b": [1, 7], "match": "247/127", "verified_digits": 150, "type": "new_rational_family", "shard": "even-k-new", "timestamp": "2026-04-08T09:02:51.330783"}
{"a": [-4, -4, 3], "b": [5, 3], "match": "35/8", "verified_digits": 150, "type": "new_rational_family", "shard": "even-k-new", "timestamp": "2026-04-08T09:02:53.015104"}
{"a": [4, 4, -3], "b": [3, 1], "match": "17/4", "verified_digits": 150, "type": "new_rational_family", "shard": "even-k-new", "timestamp": "2026-04-08T09:02:54.704902"}
{"a": [-4, 8, -3], "b": [2, 3], "match": "11/5", "verified_digits": 150, "type": "new_rational_family", "shard": "even-k-new", "timestamp": "2026-04-08T09:02:55.390879"}
{"a": [4, 6, -4], "b": [4, 6], "match": "23/5", "verified_digits": 150, "type": "new_rational_family", "shard": "even-k-new", "timestamp": "2026-04-08T09:02:58.784692"}
{"a": [-4, -4, 3], "b": [2, 6], "match": "11/8", "verified_digits": 150, "type": "new_rational_family", "shard": "even-k-new", "timestamp": "2026-04-08T09:02:58.834959"}
{"a": [-3, -8, 3], "b": [4, 1], "match": "44/23", "verified_digits": 150, "type": "new_rational_family", "shard": "even-k-new", "timestamp": "2026-04-08T09:02:59.958078"}
{"a": [4, -8, 3], "b": [2, 3], "match": "9/5", "verified_digits": 150, "type": "new_rational_family", "shard": "even-k-new", "timestamp": "2026-04-08T09:03:00.469406"}
{"a": [-4, -4, 3], "b": [1, 7], "match": "3/8", "verified_digits": 150, "type": "new_rational_family", "shard": "even-k-new", "timestamp": "2026-04-08T09:03:01.105889"}
{"a": [4, 4, -3], "b": [2, 7], "match": "23/9", "verified_digits": 150, "type": "new_rational_family", "shard": "even-k-new", "timestamp": "2026-04-08T09:03:03.100875"}
{"a": [4, 6, -4], "b": [4, 5], "match": "14/3", "verified_digits": 150, "type": "new_rational_family", "shard": "even-k-new", "timestamp": "2026-04-08T09:03:03.780341"}
{"a": [-4, 10, -4], "b": [3, 5], "match": "13/4", "verified_digits": 150, "type": "new_rational_family", "shard": "even-k-new", "timestamp": "2026-04-08T09:03:04.362800"}
{"a": [4, 4, -3], "b": [5, 6], "match": "60/11", "verified_digits": 150, "type": "new_rational_family", "shard": "even-k-new", "timestamp": "2026-04-08T09:03:04.997931"}
{"a": [-3, 10, -3], "b": [4, 2], "match": "244/53", "verified_digits": 150, "type": "new_rational_family", "shard": "even-k-new", "timestamp": "2026-04-08T09:03:05.532693"}
{"a": [-3, -8, 3], "b": [3, 6], "match": "33/16", "verified_digits": 150, "type": "new_rational_family", "shard": "even-k-new", "timestamp": "2026-04-08T09:03:06.281356"}
{"a": [4, -8, 3], "b": [2, 2], "match": "7/4", "verified_digits": 150, "type": "new_rational_family", "shard": "even-k-new", "timestamp": "2026-04-08T09:03:07.061749"}
{"a": [-3, -8, 3], "b": [5, 7], "match": "953/221", "verified_digits": 150, "type": "new_rational_family", "shard": "even-k-new", "timestamp": "2026-04-08T09:03:17.364736"}
{"a": [-4, -4, 3], "b": [4, 2], "match": "19/6", "verified_digits": 150, "type": "new_rational_family", "shard": "even-k-new", "timestamp": "2026-04-08T09:03:19.555366"}
{"a": [-4, -6, 4], "b": [3, 6], "match": "7/3", "verified_digits": 150, "type": "new_rational_family", "shard": "even-k-new", "timestamp": "2026-04-08T09:03:25.863995"}
{"a": [4, -8, 3], "b": [1, 5], "match": "5/6", "verified_digits": 150, "type": "new_rational_family", "shard": "even-k-new", "timestamp": "2026-04-08T09:03:30.429507"}
{"a": [-3, -8, 3], "b": [5, 5], "match": "595/143", "verified_digits": 150, "type": "new_rational_family", "shard": "even-k-new", "timestamp": "2026-04-08T09:03:31.509174"}
{"a": [-4, -4, 3], "b": [2, 2], "match": "3/4", "verified_digits": 150, "type": "new_rational_family", "shard": "even-k-new", "timestamp": "2026-04-08T09:03:32.565717"}
{"a": [-3, 10, -3], "b": [1, 6], "match": "37/24", "verified_digits": 160.8, "type": "new_rational_family", "shard": "even-k-new", "timestamp": "2026-04-08T09:03:40.088870"}
{"a": [-4, 8, -3], "b": [4, 2], "match": "25/6", "verified_digits": 150, "type": "new_rational_family", "shard": "even-k-new", "timestamp": "2026-04-08T09:03:42.393469"}
{"a": [0, -6, -4], "b": [4, 5], "match": "12/5", "verified_digits": 150, "type": "new_rational_family", "shard": "even-k-new", "timestamp": "2026-04-08T09:03:42.738000"}
{"a": [3, 8, -3], "b": [1, 7], "match": "247/127", "verified_digits": 150, "type": "new_rational_family", "shard": "even-k-new", "timestamp": "2026-04-08T09:03:43.914254"}
{"a": [3, 8, -3], "b": [5, 5], "match": "905/157", "verified_digits": 150, "type": "new_rational_family", "shard": "even-k-new", "timestamp": "2026-04-08T09:03:44.616642"}
{"a": [-4, 8, -3], "b": [5, 5], "match": "51/10", "verified_digits": 150, "type": "new_rational_family", "shard": "even-k-new", "timestamp": "2026-04-08T09:03:46.474953"}
{"a": [-4, -4, 3], "b": [5, 3], "match": "35/8", "verified_digits": 150, "type": "new_rational_family", "shard": "even-k-new", "timestamp": "2026-04-08T09:03:46.730613"}
{"a": [-4, 8, -3], "b": [2, 3], "match": "11/5", "verified_digits": 150, "type": "new_rational_family", "shard": "even-k-new", "timestamp": "2026-04-08T09:03:49.931073"}
{"a": [-4, 8, -3], "b": [1, 6], "match": "8/7", "verified_digits": 150, "type": "new_rational_family", "shard": "even-k-new", "timestamp": "2026-04-08T09:03:52.931324"}
{"a": [4, 6, -4], "b": [4, 6], "match": "23/5", "verified_digits": 150, "type": "new_rational_family", "shard": "even-k-new", "timestamp": "2026-04-08T09:03:53.279733"}
{"a": [4, 4, -3], "b": [2, 5], "match": "19/7", "verified_digits": 150, "type": "new_rational_family", "shard": "even-k-new", "timestamp": "2026-04-08T09:03:53.607035"}
{"a": [-4, -4, 3], "b": [1, 7], "match": "3/8", "verified_digits": 150, "type": "new_rational_family", "shard": "even-k-new", "timestamp": "2026-04-08T09:03:56.177401"}
{"a": [-4, 10, -4], "b": [3, 5], "match": "13/4", "verified_digits": 150, "type": "new_rational_family", "shard": "even-k-new", "timestamp": "2026-04-08T09:03:59.787970"}
{"a": [-4, 8, -3], "b": [3, 2], "match": "16/5", "verified_digits": 150, "type": "new_rational_family", "shard": "even-k-new", "timestamp": "2026-04-08T09:04:01.054134"}
{"a": [-3, 10, -3], "b": [4, 2], "match": "244/53", "verified_digits": 150, "type": "new_rational_family", "shard": "even-k-new", "timestamp": "2026-04-08T09:04:01.489633"}
{"a": [-3, -8, 3], "b": [3, 6], "match": "33/16", "verified_digits": 150, "type": "new_rational_family", "shard": "even-k-new", "timestamp": "2026-04-08T09:04:02.664387"}
{"a": [-4, 8, -3], "b": [3, 4], "match": "22/7", "verified_digits": 150, "type": "new_rational_family", "shard": "even-k-new", "timestamp": "2026-04-08T09:04:02.823893"}
{"a": [4, -8, 3], "b": [2, 2], "match": "7/4", "verified_digits": 150, "type": "new_rational_family", "shard": "even-k-new", "timestamp": "2026-04-08T09:04:03.839583"}
{"a": [-4, 8, -3], "b": [2, 7], "match": "19/9", "verified_digits": 150, "type": "new_rational_family", "shard": "even-k-new", "timestamp": "2026-04-08T09:04:09.329115"}
{"a": [-3, 10, -3], "b": [3, 5], "match": "379/109", "verified_digits": 150, "type": "new_rational_family", "shard": "even-k-new", "timestamp": "2026-04-08T09:04:10.276963"}
{"a": [-3, -8, 3], "b": [5, 7], "match": "953/221", "verified_digits": 150, "type": "new_rational_family", "shard": "even-k-new", "timestamp": "2026-04-08T09:04:12.753272"}
{"a": [-4, -4, 3], "b": [4, 2], "match": "19/6", "verified_digits": 150, "type": "new_rational_family", "shard": "even-k-new", "timestamp": "2026-04-08T09:04:14.294997"}
{"a": [4, -8, 3], "b": [5, 6], "match": "54/11", "verified_digits": 150, "type": "new_rational_family", "shard": "even-k-new", "timestamp": "2026-04-08T09:04:15.463937"}
{"a": [4, 6, -4], "b": [4, 4], "match": "19/4", "verified_digits": 150, "type": "new_rational_family", "shard": "even-k-new", "timestamp": "2026-04-08T09:04:16.816339"}
{"a": [-3, -8, 3], "b": [4, 2], "match": "100/41", "verified_digits": 150, "type": "new_rational_family", "shard": "even-k-new", "timestamp": "2026-04-08T09:04:22.594485"}
{"a": [4, -8, 3], "b": [1, 5], "match": "5/6", "verified_digits": 150, "type": "new_rational_family", "shard": "even-k-new", "timestamp": "2026-04-08T09:04:23.601793"}
{"a": [-4, 8, -3], "b": [5, 6], "match": "56/11", "verified_digits": 150, "type": "new_rational_family", "shard": "even-k-new", "timestamp": "2026-04-08T09:04:24.516207"}
{"a": [-3, -8, 3], "b": [5, 5], "match": "595/143", "verified_digits": 150, "type": "new_rational_family", "shard": "even-k-new", "timestamp": "2026-04-08T09:04:24.753519"}
{"a": [-4, 8, -3], "b": [4, 2], "match": "25/6", "verified_digits": 150, "type": "new_rational_family", "shard": "even-k-new", "timestamp": "2026-04-08T09:04:36.123531"}
{"a": [3, 8, -3], "b": [5, 5], "match": "905/157", "verified_digits": 150, "type": "new_rational_family", "shard": "even-k-new", "timestamp": "2026-04-08T09:04:38.988411"}
{"a": [-4, -4, 3], "b": [3, 7], "match": "5/2", "verified_digits": 150, "type": "new_rational_family", "shard": "even-k-new", "timestamp": "2026-04-08T09:04:41.424559"}
{"a": [-4, 8, -3], "b": [5, 5], "match": "51/10", "verified_digits": 150, "type": "new_rational_family", "shard": "even-k-new", "timestamp": "2026-04-08T09:04:41.592019"}
{"a": [0, -8, -3], "b": [5, 4], "match": "40/13", "verified_digits": 150, "type": "new_rational_family", "shard": "even-k-new", "timestamp": "2026-04-08T09:04:46.645764"}
{"a": [-4, 8, -3], "b": [1, 6], "match": "8/7", "verified_digits": 150, "type": "new_rational_family", "shard": "even-k-new", "timestamp": "2026-04-08T09:04:48.900650"}
{"a": [4, 4, -3], "b": [2, 5], "match": "19/7", "verified_digits": 150, "type": "new_rational_family", "shard": "even-k-new", "timestamp": "2026-04-08T09:04:49.547608"}
{"a": [4, 6, -4], "b": [5, 6], "match": "61/11", "verified_digits": 150, "type": "new_rational_family", "shard": "even-k-new", "timestamp": "2026-04-08T09:04:55.731195"}
{"a": [-4, 8, -3], "b": [3, 2], "match": "16/5", "verified_digits": 150, "type": "new_rational_family", "shard": "even-k-new", "timestamp": "2026-04-08T09:04:56.200005"}
{"a": [-4, 8, -3], "b": [3, 4], "match": "22/7", "verified_digits": 150, "type": "new_rational_family", "shard": "even-k-new", "timestamp": "2026-04-08T09:04:57.606702"}
{"a": [3, 8, -3], "b": [3, 3], "match": "255/61", "verified_digits": 150, "type": "new_rational_family", "shard": "even-k-new", "timestamp": "2026-04-08T09:05:00.576318"}
{"a": [-4, 8, -3], "b": [2, 7], "match": "19/9", "verified_digits": 150, "type": "new_rational_family", "shard": "even-k-new", "timestamp": "2026-04-08T09:05:01.748061"}
{"a": [-3, 10, -3], "b": [3, 5], "match": "379/109", "verified_digits": 150, "type": "new_rational_family", "shard": "even-k-new", "timestamp": "2026-04-08T09:05:02.623486"}
{"a": [4, -8, 3], "b": [4, 6], "match": "39/10", "verified_digits": 150, "type": "new_rational_family", "shard": "even-k-new", "timestamp": "2026-04-08T09:05:06.251033"}
{"a": [4, -8, 3], "b": [5, 6], "match": "54/11", "verified_digits": 150, "type": "new_rational_family", "shard": "even-k-new", "timestamp": "2026-04-08T09:05:06.784843"}
{"a": [4, 6, -4], "b": [4, 4], "match": "19/4", "verified_digits": 150, "type": "new_rational_family", "shard": "even-k-new", "timestamp": "2026-04-08T09:05:07.351610"}
{"a": [-3, -8, 3], "b": [4, 2], "match": "100/41", "verified_digits": 150, "type": "new_rational_family", "shard": "even-k-new", "timestamp": "2026-04-08T09:05:10.215749"}
{"a": [-4, 8, -3], "b": [5, 6], "match": "56/11", "verified_digits": 150, "type": "new_rational_family", "shard": "even-k-new", "timestamp": "2026-04-08T09:05:11.476852"}
{"a": [-3, -8, 3], "b": [4, 3], "match": "172/63", "verified_digits": 160.4, "type": "new_rational_family", "shard": "even-k-new", "timestamp": "2026-04-08T09:05:11.816247"}
{"a": [-3, -8, 3], "b": [4, 6], "match": "484/153", "verified_digits": 150, "type": "new_rational_family", "shard": "even-k-new", "timestamp": "2026-04-08T09:05:12.727764"}
{"a": [-3, 10, -3], "b": [4, 3], "match": "68/15", "verified_digits": 160.1, "type": "new_rational_family", "shard": "even-k-new", "timestamp": "2026-04-08T09:05:25.662413"}
{"a": [-4, -4, 3], "b": [3, 7], "match": "5/2", "verified_digits": 150, "type": "new_rational_family", "shard": "even-k-new", "timestamp": "2026-04-08T09:05:28.529728"}
{"a": [0, -8, -3], "b": [5, 4], "match": "40/13", "verified_digits": 150, "type": "new_rational_family", "shard": "even-k-new", "timestamp": "2026-04-08T09:05:37.261350"}
{"a": [3, 8, -3], "b": [2, 7], "match": "430/151", "verified_digits": 150, "type": "new_rational_family", "shard": "even-k-new", "timestamp": "2026-04-08T09:05:38.484530"}
{"a": [4, 6, -4], "b": [5, 6], "match": "61/11", "verified_digits": 150, "type": "new_rational_family", "shard": "even-k-new", "timestamp": "2026-04-08T09:06:00.919223"}
{"a": [-4, 8, -3], "b": [2, 1], "match": "7/3", "verified_digits": 150, "type": "new_rational_family", "shard": "even-k-new", "timestamp": "2026-04-08T09:06:08.644345"}
{"a": [3, 8, -3], "b": [3, 3], "match": "255/61", "verified_digits": 150, "type": "new_rational_family", "shard": "even-k-new", "timestamp": "2026-04-08T09:06:15.040402"}
{"a": [-3, 10, -3], "b": [4, 6], "match": "724/165", "verified_digits": 150, "type": "new_rational_family", "shard": "even-k-new", "timestamp": "2026-04-08T09:06:24.421910"}
{"a": [4, -8, 3], "b": [4, 6], "match": "39/10", "verified_digits": 150, "type": "new_rational_family", "shard": "even-k-new", "timestamp": "2026-04-08T09:06:29.520297"}
{"a": [-3, 10, -3], "b": [3, 1], "match": "19/5", "verified_digits": 150, "type": "new_rational_family", "shard": "even-k-new", "timestamp": "2026-04-08T09:06:32.307770"}
{"a": [-3, -8, 3], "b": [4, 3], "match": "172/63", "verified_digits": 160.4, "type": "new_rational_family", "shard": "even-k-new", "timestamp": "2026-04-08T09:06:40.376167"}
{"a": [4, 4, -3], "b": [3, 6], "match": "32/9", "verified_digits": 150, "type": "new_rational_family", "shard": "even-k-new", "timestamp": "2026-04-08T09:06:41.291415"}
{"a": [-3, -8, 3], "b": [4, 6], "match": "484/153", "verified_digits": 150, "type": "new_rational_family", "shard": "even-k-new", "timestamp": "2026-04-08T09:06:42.542985"}
{"a": [-3, 10, -3], "b": [2, 4], "match": "34/13", "verified_digits": 150, "type": "new_rational_family", "shard": "even-k-new", "timestamp": "2026-04-08T09:06:55.967694"}
{"a": [-3, 10, -3], "b": [4, 3], "match": "68/15", "verified_digits": 160.1, "type": "new_rational_family", "shard": "even-k-new", "timestamp": "2026-04-08T09:06:59.118269"}
{"a": [-3, -8, 3], "b": [1, 5], "match": "-29/59", "verified_digits": 161.4, "type": "new_rational_family", "shard": "even-k-new", "timestamp": "2026-04-08T09:07:00.340420"}
{"a": [4, 4, -3], "b": [4, 2], "match": "29/6", "verified_digits": 150, "type": "new_rational_family", "shard": "even-k-new", "timestamp": "2026-04-08T09:07:01.305617"}
{"a": [-3, -8, 3], "b": [2, 5], "match": "58/77", "verified_digits": 161.1, "type": "new_rational_family", "shard": "even-k-new", "timestamp": "2026-04-08T09:07:06.909504"}
{"a": [3, 8, -3], "b": [2, 7], "match": "430/151", "verified_digits": 150, "type": "new_rational_family", "shard": "even-k-new", "timestamp": "2026-04-08T09:07:09.563006"}
{"a": [3, 8, -3], "b": [5, 4], "match": "181/31", "verified_digits": 150, "type": "new_rational_family", "shard": "even-k-new", "timestamp": "2026-04-08T09:07:21.069223"}
{"a": [3, 8, -3], "b": [2, 6], "match": "50/17", "verified_digits": 150, "type": "new_rational_family", "shard": "even-k-new", "timestamp": "2026-04-08T09:07:22.542654"}
{"a": [-3, 10, -3], "b": [3, 3], "match": "213/59", "verified_digits": 150, "type": "new_rational_family", "shard": "even-k-new", "timestamp": "2026-04-08T09:07:25.776178"}
{"a": [4, 6, -4], "b": [5, 3], "match": "23/4", "verified_digits": 150, "type": "new_rational_family", "shard": "even-k-new", "timestamp": "2026-04-08T09:07:28.423987"}
{"a": [-4, 10, -4], "b": [5, 3], "match": "21/4", "verified_digits": 150, "type": "new_rational_family", "shard": "even-k-new", "timestamp": "2026-04-08T09:07:30.783160"}
{"a": [-4, -6, 4], "b": [1, 6], "match": "1/7", "verified_digits": 161.7, "type": "new_rational_family", "shard": "even-k-new", "timestamp": "2026-04-08T09:07:32.185476"}
{"a": [-4, 8, -3], "b": [2, 1], "match": "7/3", "verified_digits": 150, "type": "new_rational_family", "shard": "even-k-new", "timestamp": "2026-04-08T09:07:32.308503"}
{"a": [-3, 10, -3], "b": [4, 6], "match": "724/165", "verified_digits": 150, "type": "new_rational_family", "shard": "even-k-new", "timestamp": "2026-04-08T09:07:35.302998"}
{"a": [4, -8, 3], "b": [4, 4], "match": "31/8", "verified_digits": 150, "type": "new_rational_family", "shard": "even-k-new", "timestamp": "2026-04-08T09:07:37.494958"}
{"a": [-3, 10, -3], "b": [3, 1], "match": "19/5", "verified_digits": 150, "type": "new_rational_family", "shard": "even-k-new", "timestamp": "2026-04-08T09:07:38.546743"}
{"a": [4, 4, -3], "b": [3, 6], "match": "32/9", "verified_digits": 150, "type": "new_rational_family", "shard": "even-k-new", "timestamp": "2026-04-08T09:07:42.422478"}
{"a": [4, 6, -4], "b": [1, 3], "match": "5/2", "verified_digits": 150, "type": "new_rational_family", "shard": "even-k-new", "timestamp": "2026-04-08T09:07:44.785639"}
{"a": [-3, 10, -3], "b": [2, 4], "match": "34/13", "verified_digits": 150, "type": "new_rational_family", "shard": "even-k-new", "timestamp": "2026-04-08T09:07:45.702929"}
{"a": [-3, -8, 3], "b": [1, 5], "match": "-29/59", "verified_digits": 161.4, "type": "new_rational_family", "shard": "even-k-new", "timestamp": "2026-04-08T09:07:47.968081"}
{"a": [4, 4, -3], "b": [4, 2], "match": "29/6", "verified_digits": 150, "type": "new_rational_family", "shard": "even-k-new", "timestamp": "2026-04-08T09:07:48.336154"}
{"a": [4, -8, 3], "b": [5, 5], "match": "49/10", "verified_digits": 150, "type": "new_rational_family", "shard": "even-k-new", "timestamp": "2026-04-08T09:07:50.941699"}
{"a": [-3, -8, 3], "b": [2, 5], "match": "58/77", "verified_digits": 161.1, "type": "new_rational_family", "shard": "even-k-new", "timestamp": "2026-04-08T09:07:51.601510"}
{"a": [3, 8, -3], "b": [5, 4], "match": "181/31", "verified_digits": 150, "type": "new_rational_family", "shard": "even-k-new", "timestamp": "2026-04-08T09:07:58.942263"}
{"a": [3, 8, -3], "b": [5, 3], "match": "563/95", "verified_digits": 150, "type": "new_rational_family", "shard": "even-k-new", "timestamp": "2026-04-08T09:07:59.491656"}
{"a": [3, 8, -3], "b": [2, 6], "match": "50/17", "verified_digits": 150, "type": "new_rational_family", "shard": "even-k-new", "timestamp": "2026-04-08T09:07:59.875781"}
{"a": [4, 4, -3], "b": [4, 5], "match": "41/9", "verified_digits": 150, "type": "new_rational_family", "shard": "even-k-new", "timestamp": "2026-04-08T09:08:01.247833"}
{"a": [-3, 10, -3], "b": [3, 3], "match": "213/59", "verified_digits": 150, "type": "new_rational_family", "shard": "even-k-new", "timestamp": "2026-04-08T09:08:01.913637"}
{"a": [4, 6, -4], "b": [5, 7], "match": "11/2", "verified_digits": 150, "type": "new_rational_family", "shard": "even-k-new", "timestamp": "2026-04-08T09:08:02.325558"}
{"a": [4, 6, -4], "b": [5, 3], "match": "23/4", "verified_digits": 150, "type": "new_rational_family", "shard": "even-k-new", "timestamp": "2026-04-08T09:08:03.266958"}
{"a": [-4, 8, -3], "b": [1, 3], "match": "5/4", "verified_digits": 150, "type": "new_rational_family", "shard": "even-k-new", "timestamp": "2026-04-08T09:08:04.276056"}
{"a": [-4, 10, -4], "b": [5, 3], "match": "21/4", "verified_digits": 150, "type": "new_rational_family", "shard": "even-k-new", "timestamp": "2026-04-08T09:08:05.235241"}
{"a": [-4, -6, 4], "b": [1, 6], "match": "1/7", "verified_digits": 161.7, "type": "new_rational_family", "shard": "even-k-new", "timestamp": "2026-04-08T09:08:06.074686"}
{"a": [-4, -6, 4], "b": [2, 3], "match": "4/5", "verified_digits": 150, "type": "new_rational_family", "shard": "even-k-new", "timestamp": "2026-04-08T09:08:07.332605"}
{"a": [4, -8, 3], "b": [4, 4], "match": "31/8", "verified_digits": 150, "type": "new_rational_family", "shard": "even-k-new", "timestamp": "2026-04-08T09:08:08.407432"}
{"a": [0, 10, 4], "b": [4, 3], "match": "60/11", "verified_digits": 150, "type": "new_rational_family", "shard": "even-k-new", "timestamp": "2026-04-08T09:08:09.497371"}
